2654 4658
10 332 16 341 ’
96 358 138 418 ιι
451 352 585 414 monn
609 336 878 422 ιιιειοιιιοΰε.
934 450 947 475 l

173 518 253 573 nolio
275 517 414 592 Cethego,
435 518 466 572 P.
487 517 665 589 Sempronio
685 515 830 573 Tuditano
850 519 1034 577 consulibus.
1062 523 1134 604 Quo
1156 541 1224 580 anno
1256 562 1257 593 2

169 635 185 670 a
206 617 314 672 Catone
335 616 480 681 sodalitas,
500 615 604 682 idest,
624 614 780 692 collegium
798 635 948 672 sacrorum
968 637 1059 676 causa
1079 622 1111 676 in
1138 623 1224 679 hono·
1255 596 1257 628 ¹

172 736 236 771 rem
254 719 333 770 Deae
353 717 541 771 constitutum
561 725 619 777 est,
646 715 728 784 enjus
747 715 878 772 membra
898 719 978 773 statis
1004 717 1138 789 diebus,
1166 723 1224 796 qui·

135 852 137 859 ·
169 817 225 870 bus
245 801 325 871 sacra
343 796 458 880 fierent,
477 813 564 868 simul
583 813 800 886 epulabantur:

94 913 295 981 Isocrates,
313 913 512 979 Atheniensis,
529 912 667 966 maximus
687 921 715 966 et
733 913 919 980 suavissimus
939 924 1056 982 orator,
1077 919 1221 988 cujusda.

168 1028 232 1066 mus
252 1023 371 1068 cunetae
391 1011 532 1067 Graeciae
552 995 634 1085 quasi
653 1008 739 1064 ludus
753 1010 870 1084 quidam
886 1011 1005 1068 dicendi
1027 1018 1137 1087 patuit.
1170 1020 1221 1072 Hie

165 1112 316 1168 Platonem
334 1121 364 1166 et
383 1110 526 1182 Gorgiam
546 1108 702 1181 sophistam
721 1107 849 1178 audivit3
871 1110 1053 1187 scripsitque
1072 1133 1136 1168 eum
1149 1118 1217 1172 alias

165 1210 329 1278 orationes,
348 1220 381 1268 ιιι
397 1208 621 1282 Panegyricum,
636 1218 710 1275 tum,
731 1226 797 1263 cum
816 1209 874 1279 jam
893 1200 1108 1284 nonagenarius
1128 1228 1215 1285 esset,

165 1309 424 1372 Panathenaicum,
445 1307 481 1364 cle
500 1308 576 1364 festo
595 1308 749 1386 Minervae
769 1297 994 1388 Panathenaico,
1016 1331 1078 1388 quo
1092 1331 1153 1368 eam
1164 1333 1210 1369 re·

163 1411 275 1474 citavit,
296 1410 338 1464 sie
353 1407 473 1467 dictum.
513 1408 635 1463 Centum
655 1419 685 1464 et
704 1425 754 1463 sex
772 1425 864 1462 annos
881 1409 990 1464 vixisse
1010 1412 1149 1469 traditur.

87 1492 259 1577 Italicus,
278 1527 305 1578 a,
324 1526 383 1564 um
421 1507 488 1578 adj.
513 1525 531 1562 a
548 1524 630 1562 ιιοιιι.
656 1507 751 1563 Italia.
789 1507 883 1561 Italici
916 1507 1096 1565 dicebantur
1123 1512 1217 1584 philo-

161 1611 245 1683 sophi
257 1629 274 1666 a
286 1611 458 1683 Pythagora,
478 1608 540 1680 qui,
559 1616 591 1662 ut
610 1606 693 1680 ipse,
712 1609 846 1680 Magnam
866 1607 1023 1714 Graeciam
1036 1609 1072 1665 id
1090 1621 1147 1678 est,
1163 1612 1220 1668 lta·

166 1709 236 1764 liam
255 1707 430 1763 inferiorern
450 1706 627 1762 incolerent.

90 1813 108 1866 J
115 1827 235 1873 unius
244 1811 278 1866 L
297 1809 451 1887 Brutus,
471 1807 589 1880 regibus
607 1804 673 1860 ab
665 1823 729 1878 ipso
751 1805 869 1870 exactis,
887 1804 1000 1878 primus
1020 1809 1138 1865 Romae
1160 1829 1223 1868 con

112 1962 117 1971 ,
165 1909 210 1962 sul
230 1905 288 1963 fuit
308 1907 424 1963 cumb
438 1905 619 1983 Tarquinio
621 1904 767 1960 Collatino
787 1923 812 1958 a
825 1904 861 1958 U
878 1905 1012 1960 CCXLV
1046 1910 1119 1991 Qui,
1136 1930 1223 1985 quum

166 2007 345 2080 Tarquinius
365 2007 519 2080 Superbus
538 2023 661 2080 regnum
681 2016 768 2077 atque
786 1997 897 2059 Urbem
915 2023 1103 2095 recuperare
1124 2012 1222 2073 vellet,

165 2125 230 2161 cum
248 2105 362 2162 Arunte
381 2105 555 2179 Tarquinio,
573 2106 652 2177 regis
672 2105 751 2173 filio,
778 2122 974 2170 concurrens,
1000 2105 1082 2209 hune
1104 2105 1222 2167 interfe-

162 2208 203 2273 cit
221 2218 250 2262 et
268 2206 333 2262 ab
325 2224 392 2282 apso
414 2215 457 2261 est
476 2203 657 2260 interfectus
992 2216 996 2221 ·

635 2329 671 2382 Ii.

87 2429 289 2502 Karthago,
308 2429 380 2485 urbs
399 2429 544 2485 maritima
562 2428 597 2484 in
612 2425 714 2483 Africa
733 2424 798 2486 sita,
817 2437 904 2517 caput
923 2426 1052 2484 civitatis
1066 2433 1218 2510 Karthagi-

162 2529 281 2586 niensis.
319 2531 360 2585 Ea
379 2528 467 2586 tertio
493 2528 605 2582 Punico
630 2527 712 2607 bello
731 2527 814 2584 ueU.
832 2527 942 2588 DCVll
959 2547 977 2583 a
996 2531 1150 2604 Scipione
1168 2538 1218 2595 Ae.

163 2630 285 2685 miliano
304 2640 465 2703 expugnata
485 2638 633 2702 astatque
653 2625 769 2706 deleta..

610 2746 672 2809 e.

88 2871 382 2928 Lacedaemon
360 2893 423 2930 sive
437 2876 587 2949 Sparta,
603 2874 764 2930 clarissima
776 2872 866 2927 totius
874 2875 1079 2970 Peloponnesi
1099 2864 1201 2939 urbs
1192 2901 1218 2936 ιιι

17 2946 20 2960 ⁶
161 2989 233 3044 agro
252 2974 410 3041 Laconico,
429 2976 554 3049 Lycurgi
572 2975 687 3048 legibus
706 2973 817 3046 optime
837 2970 977 3030 instituta.
988 2971 1085 3032 Inde
1108 2997 1216 3040 nomen

15 3053 40 3079 ''
70 3137 72 3142 Ι
163 3073 273 3142 gentile

88 3169 423 3227 Lacedaemonius.

19 3269 22 3278 ¹
88 3267 243 3320 Laelius
267 3269 299 3325 C·
326 3269 449 3343 Sapiens
468 3248 582 3344 patrem
600 3271 704 3328 habuit
723 3270 825 3342 Cajum
843 3270 991 3340 Laelium,
1019 3276 1073 3348 qui
1096 3297 1166 3336 enm
1181 3281 1210 3339 h.

164 3365 305 3421 Cornelio
326 3367 467 3441 Scipione
486 3369 614 3425 Asiatico
633 3373 737 3428 ‘consul
754 3371 811 3426 fuit
829 3388 855 3428 a.
869 3372 1051 3440 U.=DLXIII‚
1072 3377 1208 3454 idemque

162 3464 293 3536 aequalis
312 3463 375 3520 fere
400 3468 505 3523 Catoni
520 3470 674 3526 Censorio
713 3473 768 3528 Hie
787 3490 847 3526 non
865 3462 925 3527 tam
943 3473 1053 3528 bellica
1071 3476 1167 3536 laude
1180 3509 1215 3523 -

161 3581 337 3636 quamquam
357 3565 524 3621 Viriathum
542 3569 615 3625 vicit
630 3601 668 3611 -
684 3589 770 3644 ιιιιιιιι
791 3568 924 3626 doctrina
942 3581 973 3625 et
992 3589 1116 3632 morum
1131 3597 1214 3654 prae-

164 3662 269 3716 stantia
289 3661 384 3717 clarus
404 3663 472 3723 fuit.
511 3672 583 3725 Nam
603 3681 633 3724 et
651 3667 754 3725 doctus
773 3679 873 3724 orator
898 3681 976 3737 erat,
1003 3671 1124 3728 lenis
1113 3679 1216 3752 smpri·
1255 3700 1257 3709 ¹

164 3758 219 3812 mis
249 3759 280 3814 in
307 3760 433 3816 dicendo
461 3781 494 3818 ae
523 3765 635 3837 duleis,
657 3779 688 3824 et
703 3778 782 3825 tanta
801 3767 885 3824 fuit
876 3786 909 3822 ιιι
928 3769 1009 3824 omni
1028 3773 1092 3828 vita
1113 3775 1216 3833 hilari-

164 3870 219 3913 tate
240 3860 329 3914 animi
350 3871 436 3935 atque
457 3866 685 3938 aequabilitate,
704 3878 738 3921 ut
755 3865 859 3922 eadem
878 3886 1010 3944 semper,
1044 3880 1078 3926 ut
1105 3873 1215 3932 Cicero

162 3967 274 4024 narrat,
295 3957 393 4015 fronte
414 3956 652 4036 &suspicacem
673 3984 732 4040 quo
751 3966 860 4024 factum
880 3978 953 4034 est,¹
969 3980 1002 4034 ut
1020 3986 1090 4024 eum
1113 3976 1215 4048 appel·

161 4059 258 4113 larent
277 4057 457 4134 Sapientem.
495 4043 635 4136 Aequalis
653 4063 710 4121 fuit
729 4063 866 4141 idemque
885 4059 1137 4131 familiarissimus
1156 4075 1217 4134 sci·

158 4157 242 4232 pioni
267 4156 410 4216 africano
436 4160 563 4234 minori3
597 4161 715 4238 quade
743 4183 829 4227 eausa
857 4166 965 4227 Cicero
985 4187 1061 4251 pum
1088 4172 1216 4246 librum,
