2654 4658
330 411 333 417 ,
379 367 515 430 runax
535 340 804 431 m'suomcus.
1107 377 1151 456 aq

102 541 165 613 quo
177 547 312 611 tempore
332 536 363 591 in
375 548 519 605 augurum
538 532 626 608 etiam
641 544 709 588 erat
727 533 870 605 collegio,
890 533 963 590 Cato
981 534 1014 587 in
1037 537 1151 593 curiam

107 639 153 693 ire
172 654 234 691 non
253 633 379 700 destitit,
406 643 493 705 atque
519 643 581 688 tum
600 632 720 706 quidem
739 633 891 689 sententia
903 651 954 688 sua
974 633 1010 688 de
1024 633 1151 692 delenda

106 733 285 808 Karthagine
304 730 452 786 inclaruit.
490 735 564 788 Nam
584 732 647 786 sive
667 731 704 786 de
723 732 911 807 suscipiendo
930 733 1012 788 bello
1030 737 1154 793 Kartha·

32 877 37 882 a
105 837 243 912 giniensi,
264 835 326 889 sive
346 832 383 887 de
403 830 470 886 aliis
488 833 579 887 rebus
599 843 715 888 senatus
731 832 908 900 habebatur,
928 849 1021 906 usque
1040 845 1156 890 senten.
1190 891 1193 904 ,

106 942 166 998 tiae
185 952 255 992 suae
275 931 423 987 addidisse
442 930 569 986 dieitur:
591 932 857 1005 Ceteram'equidem
877 950 983 993 censeo,
1003 934 1157 1005 Karthagi-

106 1059 168 1092 nem
186 1056 240 1091 esse
258 1036 412 1090 delendam.
447 1031 535 1115 Quod
555 1022 667 1086 bellum
680 1043 834 1106 antequam
847 1032 1057 1104 susciperetur,
1076 1051 1156 1090 anno
1200 1080 1202 1087 χ

106 1141 177 1196 Cato
198 1137 322 1192 decessit
340 1152 413 1198 uno,
432 1133 535 1188 aetatis
554 1132 733 1205 octogesimo
752 1131 874 1206 quinto,
894 1133 927 1186 L.
948 1132 1062 1186 Marcio
1081 1131 1156 1188 Gen·

106 1239 227 1303 torino,
258 1237 308 1291 Μ’.
329 1232 456 1288 Manilio
483 1231 669 1296 cousedihus3
696 1247 762 1285 cum
789 1248 825 1286 ea
855 1231 930 1305 ipso,
948 1247 1027 1284 anno
1054 1242 1158 1287 contra
1197 1237 1200 1249 ⁴

106 1343 171 1396 Ser.
192 1339 314 1395 Galbam
334 1351 443 1391 summa
462 1331 649 1410 contentione
668 1329 798 1385 dixisset.
836 1327 932 1405 Atque
952 1329 1024 1384 haec
1037 1328 1158 1403 quidem

80 1486 82 1497 t
106 1437 144 1494 dc
170 1437 232 1492 vita
260 1435 379 1491 Catonis
403 1432 533 1506 publica.
553 1430 627 1486 ‘Hic
641 1428 747 1484 ¹autem
770 1429 935 1485 litterarum
962 1429 1051 1486 etiam
1069 1410 1159 1483 laude

105 1538 215 1593 floruit.
252 1518 326 1590 Nam
345 1543 375 1587 et
393 1543 504 1604 septem
522 1529 713 1584 historiarum
730 1528 826 1584 libros
841 1530 1028 1604 conscripsit,
1049 1527 1081 1582 in
1094 1528 1159 1602 qui·

106 1637 228 1692 burres
248 1636 409 1695 Romanas,
430 1641 569 1702 ortusque
590 1626 754 1683 civitatium
772 1631 941 1688 Italicarum
968 1629 1104 1705 exposuit
1120 1667 1161 1688 ..-

108 1738 148 1802 ab
167 1735 256 1810 quam
273 1752 387 1790 causam
418 1745 469 1785 eos
494 1712 613 1782 videtur
639 1727 777 1801 Origines
804 1731 1026 1804 appellasse-
1045 1745 1074 1790 et
1093 1753 1160 1792 ora·

100 1836 201 1892 >tiones
214 1851 368 1889 causarum
382 1829 550 1891 illustrium,
566 1844 640 1900 quas
653 1826 839 1892 defenderat,
850 1831 990 1899 confecit,
1004 1844 1034 1890 et
1046 1834 1159 1893 librum
1233 1879 1236 1887 ,

106 1935 143 1991 de
157 1953 190 2008 re
209 1935 317 1990 rustica
337 1930 445 2001 edirlit3
466 1929 544 1984 idem
563 1946 650 1984 senex
668 1929 705 1984 ab
719 1929 816 1984 Ennio
835 1933 924 2004 potita
940 1932 1054 1989 litteras
1067 1936 1159 1993 Grae·

106 2054 153 2093 eas
173 2033 286 2089 didicit,
317 2032 455 2087 Ceterum
476 2029 512 2084 de
531 2028 619 2084 laude
638 2027 762 2103 ingenii,
782 2047 899 2084 morum
922 2032 1106 2108 artiumque,
1124 2037 1158 2093 in

106 2137 215 2214 quibus
234 2131 406 2190 excelluerit
425 2131 509 2197 Cato,
528 2127 668 2184 audiendi
688 2141 755 2186 sunt
772 2116 876 2194 Livius
895 2143 925 2189 et
945 2131 1063 2197 Cicero,
1083 2153 1159 2211 qaia·
1222 2134 1225 2144 ⁴

103 2253 171 2294 rum
188 2234 240 2292 ille
251 2232 379 2286 XXXIX.
394 2240 447 2291 40:
468 2230 565 2283 Omnes
584 2230 716 2300 patricios
735 2230 906 2303 plebeiosque
922 2233 1156 2311 nobilissimarum

98 2338 280 2410 familiarum
297 2334 343 2390 M.
363 2333 476 2386 Porcius
503 2331 583 2403 lange
609 2331 742 2388 anteibat.
778 2331 814 2384 In
837 2333 890 2387 hac
915 2335 977 2387 aira
1009 2338 1092 2389 tanta
1111 2337 1155 2389 vis

105 2409 193 2490 animi
210 2436 360 2506 ingeniique
374 2433 450 2505 fait,
471 2443 518 2498 ut,
538 2449 698 2503 qaaecumque
716 2432 776 2513 locq
795 2442 879 2486 natus
898 2445 983 2501 esset,
1004 2436 1156 2506 fortunam

106 2511 164 2590 sibi
184 2538 241 2607 ipse
260 2535 391 2606 facturus
411 2533 498 2602 sitisse
521 2535 666 2587 videremur.
703 2532 795 2585 Nulla
814 2550 877 2602 ars,
897 2552 988 2604 vneque
1011 2536 1154 2605 privatae,

102 2626 187 2708 neque
203 2635 332 2706 publicae
355 2634 395 2687 rei
419 2634 569 2703 gerendae,
595 2636 619 2686 ei
638 2633 734 2703 defuit.
775 2633 905 2688 Urbanas
924 2637 1092 2707 rusticasque
1110 2653 1154 2691 res

103 2737 213 2807 pariter
235 2733 365 2790 callebat.
402 2733 448 2786 Aa
470 2753 590 2788 summas
613 2737 728 2808 honores
753 2734 823 2788 alias
842 2737 955 2790 scientia
971 2736 1058 2805 iuris,
1080 2737 1154 2791 alios

104 2838 197 2908 gloria
219 2837 350 2889 militaris
367 2838 516 2908 *provexit5
542 2836 606 2889 buia
625 2835 751 2888 versatile
770 2836 909 2908 ingenium
926 2838 966 2889 sic
984 2839 1093 2907 pariter
1112 2834 1152 2890 ad
1201 2826 1207 2843 ’

105 2937 200 2989 onmia
218 2937 297 3008 suit,
323 2949 353 2990 ut
371 2948 469 2991 natam
486 2937 572 2989 adid
591 2954 676 2988 unum
696 2937 812 3001 diceres,
839 2938 1018 3008 quodcunque
1044 2947 1151 3009 ageret·

106 3037 141 3090 In
164 3035 235 3090 bella
260 3055 346 3089 manu
363 3011 548 3106 fortissimus,
569 3039 713 3108 multisque
740 3034 890 3105 insignibus
916 3036 1008 3088 clarus
1032 3038 1151 3110 pugnis3

103 3139 184 3200 idem,
202 3149 352 3209 postquam
371 3140 409 3191 ad
427 3155 541 3211 magnas
558 3139 673 3191 honores
690 3136 823 3206 pervenit,
842 3154 963 3190 stammas
978 3140 1149 3208 imperatore
1175 3180 1180 3187 .

105 3241 184 3294 laem
202 3241 231 3291 in
248 3258 327 3310 pace,
345 3241 369 3292 si
383 3239 430 3310 jus
449 3240 608 3307 consideres,
625 3217 822 3308 peritissimum
841 3238 866 3288 si
883 3255 968 3290 causa
984 3241 1094 3294 oranda
1111 3257 1151 3294 es·

89 3320 154 3404 ηεετ,
173 3342 413 3414 eloquentissimus.
449 3343 508 3395 Nec
526 3342 548 3393 is
568 3350 693 3405 tantum,
726 3337 802 3407 cuim
829 3341 926 3410 lingua
956 3342 1022 3394 viva
1053 3359 1083 3397 ea
1107 3341 1150 3395 vi·

82 3465 86 3474 1
103 3443 207 3513 guerit,
226 3453 429 3496 monumentum
449 3441 613 3513 eloquentiae
632 3441 738 3492 nullum
756 3439 843 3504 extet}
862 3441 931 3492 vivit
950 3443 1005 3494 into
1025 3444 1150 3514 vigetque
1191 3488 1192 3494 ,

104 3544 256 3614 eloquentia
275 3545 347 3612 ejus,
367 3553 482 3602 sacrata
499 3542 605 3610 scriptis
624 3541 711 3594 amnis
729 3540 846 3612 generisi
883 3542 1026 3615 Orationes
1051 3554 1076 3597 et
1094 3561 1150 3614 pra

103 3661 131 3695 se
150 3645 263 3710 multae,
281 3654 306 3696 et
323 3661 376 3713 pra
397 3644 472 3711 aliis,
491 3654 516 3696 et
535 3645 564 3697 in
583 3644 670 3710 alias;
696 3660 761 3694 narn
786 3661 843 3695 nan
866 3643 955 3696 salum
981 3644 1149 3714 accusando,
1208 3642 1214 3653 ⁴

105 3745 251 3796 sedetiam
270 3762 386 3798 caussam
405 3744 533 3813 dicenda,
546 3743 687 3814 fatigavit
710 3742 842 3819 inimicas.
881 3743 1038 3797 Simultates
1064 3745 1150 3797 nimia

107 3843 198 3913 plures
216 3855 241 3898 et
252 3854 427 3898 exercuerunt
444 3862 519 3910 eam,
538 3854 563 3896 et
582 3844 639 3913 ipse
657 3842 775 3900 exercuit
794 3828 924 3914 easi'ne'e
938 3845 1026 3914 facile
1037 3844 1151 3910 dixeris,

107 3953 202 3997 ulrum
228 3946 316 4016 magis
341 3950 468 4014 presserit
491 3963 552 3999 eum
571 3943 716 4010 nobilitas,
736 3962 775 3997 an
793 3943 839 3997 ille
857 3946 1003 4016 agitaverit
1023 3945 1149 4025 nobilita·

105 4056 170 4126 tem.
207 4046 307 4116 Asperi
318 4047 422 4122 ,procul
440 4047 523 4100 dubio
541 4045 636 4113 animi,
656 4054 680 4096 et
698 4044 810 4117 linguae
828 4046 953 4114 acerbae,
972 4057 997 4098 et
1010 4046 1160 4100 immodice,

105 4147 206 4200 liberae
221 4148 299 4225 [αἰεὶ
324 4147 371 4201 sed
393 4148 487 4202 inuicti
505 4165 525 4200 a
543 4145 739 4217 cupiditatibus
758 4146 860 4214 animi,
892 4154 917 4199 et
942 4147 1047 4218 rigidae
1072 4146 1151 4200 inna-

748 4254 768 4314 'l
