2654 4672
129 326 174 401 dd
531 330 649 397 CATO
689 328 832 397 amon

128 496 238 561 silium
256 497 295 561 in
309 495 443 562 senibus
468 509 535 569 eat:
569 495 625 582 qul
644 497 674 560 si
692 495 776 559 nulli
801 495 957 571 fuissent,
989 492 1100 557 nullas
1120 491 1252 558 omnino

127 605 276 671 civitates
299 620 360 670 est.
401 606 471 671 Sed
487 605 591 671 redae
623 603 666 667 ad
691 620 832 671 mortem
857 601 1115 689 impendentem·
1158 601 1252 701 Quod

128 711 213 777 illud
238 730 289 779 est
316 714 443 779 crimen
463 708 655 788 senectutis,
680 732 755 776 eum
782 712 894 796 (iliud)
918 711 1057 776 videatis
1084 731 1164 776 eum
1181 709 1251 776 adu·

19 890 22 895 ,
86 804 290 887 ⁶81eseentia
317 841 391 885 essa
417 819 609 884 commune?
651 819 749 884 Sensi
776 841 840 907 ego
867 840 943 884 eum
968 821 1005 883 in
1031 818 1161 905 optime
1186 817 1249 883 filis

127 953 214 1009 meo,
231 948 301 996 tum
319 933 356 995 in
376 932 571 1016 exspectatis
591 929 634 993 ad
648 931 878 1016 amplissimam
891 929 1082 1016 dignitatem
1100 926 1247 1005 fnanibus

128 1039 213 1114 tuis,
240 1040 369 1123 Scipio,
401 1040 490 1104 omni
508 1040 606 1104 aetati
625 1057 767 1105 mortem
794 1061 869 1104 esse
896 1057 1111 1104 comunem.
1130 1067 1175 1083 -
1212 1036 1250 1099 At

128 1160 241 1230 sperat
260 1147 471 1226 adolescens,
492 1146 550 1210 din
569 1170 606 1212 se
626 1149 807 1214 victurum:
828 1147 917 1238 quod
937 1162 1073 1232 sperare
1095 1141 1182 1207 idem
1200 1161 1252 1205 se·
1291 1142 1293 1153 '

127 1273 195 1317 nex
218 1275 285 1317 non
309 1257 438 1338 potest!
481 1255 681 1341 insipienter
715 1271 837 1342 sperat.
878 1253 971 1354 Quid
1001 1252 1093 1317 enim
1116 1250 1246 1328 stultius,

128 1380 224 1446 quam
237 1363 363 1427 ineerta
373 1364 547 1448 praeeatis
560 1364 782 1449 habere,falsa
792 1362 1032 1450 proveriss-
1072 1360 1188 1434 Senex,
1205 1376 1246 1420 ne

128 1470 219 1554 quod
234 1464 347 1555 speret
367 1471 515 1558 quidem,
536 1472 655 1536 habet!
696 1474 741 1536 At
760 1489 810 1537 est
830 1494 872 1537 eo
895 1473 1036 1537 meliore
1056 1466 1250 1542 conditione,

129 1598 225 1663 quam
245 1579 463 1643 adolescensz.
477 1600 551 1643 eum
570 1579 626 1657 id,
648 1579 737 1666 quod
754 1581 813 1644 ille
834 1595 962 1664 sperat,
983 1578 1040 1642 hie
1060 1578 1128 1638 iam
1145 1593 1251 1637 conse·

88 1677 225 1767 docatus
246 1702 307 1750 est.
349 1688 409 1751 ille
433 1688 503 1753 vult
525 1686 583 1751 diu
600 1689 732 1754 vivere:
757 1686 813 1752 hic
834 1688 891 1752 diu
908 1688 1002 1753 vixit.
1045 1685 1252 1782 Quamquam,

130 1814 152 1857 ο
171 1793 219 1857 dii
236 1787 334 1859 boui!
365 1795 446 1882 quid
465 1812 517 1860 est
534 1797 570 1860 in
587 1795 730 1860 hominis
758 1797 826 1862 vita
846 1795 926 1859 diu?
966 1799 1018 1860 Da
1036 1795 1127 1858 euim
1147 1812 1253 1876 supra-

129 1921 218 1962 mum
230 1916 375 1986 tempusa
397 1919 621 1989 exspectemus
628 1905 872 1968 Tartessiorum
881 1903 973 1990 regis
991 1916 1145 1964 aetatem.
1183 1898 1252 1964 Fuit
1291 1914 1293 1927 '

132 2007 230 2082 enim,
249 2023 285 2072 ut
300 2011 458 2096 seriptum
477 2012 587 2089 video,
609 2013 852 2099 Arganthonius
874 2009 1005 2097 quidam
1026 2009 1181 2085 Gadibus,
1200 2007 1251 2093 qai

130 2115 296 2200 octoginta
313 2121 463 2205 regnavit
481 2141 594 2196 annos,
615 2136 744 2184 centum
762 2135 797 2183 et
815 2119 933 2204 viginti
951 2118 1045 2185 vixit.
1088 2117 1161 2181 Sed
1175 2116 1249 2179 mihi

128 2239 174 2297 ‚ne
195 2220 380 2288 diuturnum
401 2227 534 2312 quidem
553 2227 727 2314 quidquam
744 2227 893 2301 videtur,
920 2227 957 2290 in
978 2247 1042 2310 quo
1065 2241 1119 2289 est
1137 2223 1250 2311 aliquid

130 2340 321 2397 extremum.
364 2336 444 2399 Cum
462 2337 550 2401 enim
567 2335 603 2398 id
621 2336 753 2400 advenit
760 2359 771 2416 3
797 2351 874 2399 tune
893 2334 992 2411 illud,
1022 2333 1113 2420 quod
1133 2348 1252 2427 praete-

129 2434 203 2513 riit,
225 2438 372 2513 effluxit:
404 2459 526 2510 tantum
547 2458 709 2521 remanet,
742 2442 829 2528 quod
848 2443 971 2508 virtute
993 2457 1027 2507 et
1047 2458 1141 2507 recte
1164 2443 1252 2507 factis

135 2560 328 2613 consecutus
348 2551 401 2616 sis.
444 2556 554 2617 Horas
576 2552 708 2638 quidem
728 2552 849 2617 cedunt
870 2567 904 2614 et
925 2551 997 2615 dies
1019 2567 1053 2616 et
1072 2573 1206 2617 menses
1224 2567 1252 2617 at

134 2655 225 2719 anni:
241 2679 307 2722 nee
327 2663 541 2744 praeteritum
561 2678 690 2743 tempus
710 2681 860 2744 umquam
875 2659 1063 2735 revertitur,
1085 2681 1160 2737 nec,
1181 2659 1254 2748 quid

70 2800 74 2807 ·
134 2781 297 2850 sequatur,
320 2769 399 2830 sciri
419 2783 538 2852 potest.
582 2765 680 2864 Quod
705 2768 822 2852 cuique
843 2766 1001 2850 temporis
1022 2765 1064 2829 ad
1082 2768 1256 2833 vivendum

92 2855 254 2950 ¹lodatur,¹
280 2892 322 2935 eo
343 2873 443 2937 debet
462 2894 535 2935 esse
556 2889 740 2940 contentus.
780 2876 895 2961 Neque
916 2880 1004 2943 enim
1022 2874 1196 2952 histrioni,
1223 2889 1256 2938 ut

62 3038 67 3049 ,
134 2977 275 3061 placeat,
303 2980 490 3065 peragenda
512 2995 562 3045 est
580 2979 689 3045 fabula
696 3003 707 3062 3
739 2982 854 3062 modo,
876 2986 912 3050 in
932 3006 1137 3074 quocumque
1156 2984 1257 3053 fuerit

174 3238 223 3303 6⁸.
262 3243 1251 3326 om.jumpustdieE.T.b.B.atalii.-·69.mm1'11.1i.

228 3343 260 3398 E.
280 3340 311 3401 b.
329 3341 368 3400 V.
392 3373 430 3388 -
484 3355 531 3408 το.
564 3345 671 3417 sabula
689 3357 728 3402 est
752 3347 790 3408 R.
808 3349 843 3408 E·
862 3348 899 3409 Τ.
917 3346 1009 3405 etalii
1028 3348 1086 3408 Ed.
1105 3349 1199 3408 orsu.
1214 3374 1249 3391 -·

135 3453 221 3510 cibus
246 3474 319 3510 mens
344 3470 374 3515 et
396 3464 471 3516 ratio
496 3462 560 3518 vid.
587 3479 677 3539 supra
712 3461 789 3520 dixit
806 3491 844 3509 ι·
859 3464 905 3520 ida
929 3465 979 3518 diu
1000 3466 1074 3520 visis
1091 3494 1131 3510 ι·
1156 3479 1254 3540 rapu·

134 3553 199 3613 1111.
218 3566 253 3617 41
275 3566 305 3615 et
321 3554 372 3613 xl.
392 3555 445 3630 363
466 3563 609 3615 consilium
626 3580 689 3618 au··
712 3565 823 3624 hendit.

134 3661 192 3706 tem
210 3651 240 3708 h.
259 3654 282 3709 1.
300 3673 358 3730 pro
371 3658 530 3731 prudentia
548 3663 676 3735 positum
733 3664 808 3738 §.69.
820 3665 1260 3738 quodpraeteriit,efflu1itlflan

134 3763 193 3820 ast,
230 3762 264 3808 ut
300 3757 417 3811 Muren.
451 3769 500 3817 12:
542 3763 676 3815 Mulieres
713 3785 857 3841 quaeres
881 3768 1005 3837 effluxit,
1036 3776 1186 3839 tamquam
1206 3765 1259 3821 du·

132 3864 249 3923 prepter
265 3855 452 3928 infirmitatem
477 3862 638 3919 consilii.
713 3868 792 3922 mina
808 3866 951 3942 temporis
969 3865 1110 3938 abrepta,
1134 3882 1198 3924 non
1218 3875 1261 3921 ast

170 3951 259 4023 §.6sp
275 3957 416 4027 frutribus
436 3961 500 4032 tuis]
514 3962 558 4018 De
570 3963 616 4018 his
626 3963 676 4020 adi
713 3965 839 4040 amplius
851 3966 1161 4038 innostrapotestat03
1182 3981 1259 4038 qnae

135 4050 195 4107 iud.
214 4051 283 4114 hist.
302 4054 335 4111 in
353 4074 417 4113 voe.
436 4056 519 4114 dem.
538 4061 633 4121 Pauli.
713 4066 865 4134 praeteriit,
877 4065 1023 4142 cogitatur
1036 4064 1177 4121 revocari
1188 4080 1259 4141 pus·

107 4198 111 4211 .
171 4154 237 4225 quid
253 4165 294 4211 est
311 4156 373 4229 diu]
391 4158 459 4234 Ipse
478 4157 569 4224 illud,
594 4161 676 4237 quud
712 4179 757 4228 ae.
