2654 4658
359 286 449 399 'nu
472 335 726 398 senscrunt
749 335 841 398 cae.
863 338 932 400 xn.
988 426 993 440 s
1063 348 1091 399 ν
1182 317 1254 412 ιι

63 544 67 551 -
102 504 346 588 suscipiendum
365 522 433 566 non
453 498 559 563 libido
584 502 756 584 voluptatis
776 503 960 585 impelleret
967 518 994 584 3·
1014 518 1124 588 stupra
1143 526 1226 572 vero

63 656 77 704 Ι
103 629 140 677 et
145 613 336 689 adulteria,
370 625 403 673 et
425 627 521 672 omne
541 608 607 671 tale
629 607 801 695 flagitium,
839 609 936 671 nullis
959 612 1031 673 aliis
1059 612 1226 713 illecebris

63 756 76 824 p
104 718 256 794 excitari,
279 717 356 781 nisi
365 716 550 807 voluptatis.
593 720 736 800 Cumque
756 716 925 778 bomini
901 739 969 780 sive
990 733 1117 797 natura,
1150 710 1228 787 sire

63 850 75 907 p
104 829 178 914 quis
199 831 307 904 Deus,
335 828 418 890 nihil
437 841 547 889 mente
568 825 796 908 praestabilius
818 823 975 890 dedisset.
1017 826 1093 890 huic
1117 807 1228 893 divino

63 966 73 1007 ι
105 934 234 997 muneri
255 956 292 998 ae
314 935 400 998 dono
421 935 503 998 nihil
523 951 597 996 esse
619 946 683 994 tam
704 930 880 1007 inimicum,
905 955 998 1018 quam
1019 934 1228 1019 voluptatem

63 1065 67 1104 ι
106 1047 176 1108 Nec
198 1042 291 1116 enim,
313 1042 451 1105 libidine
464 1042 658 1114 dominante,
680 1041 914 1124 temperantiae
927 1041 1035 1104 locum
1057 1064 1148 1126 esse3
1171 1053 1270 1123 ιιι-41

110 1168 172 1234 que
194 1149 324 1210 omnino
353 1149 388 1210 in
409 1149 583 1231 voluptatis
612 1167 717 1229 regno
737 1149 889 1231 virtutem
915 1169 1012 1231 posse
1039 1151 1232 1216 consistere.

63 1243 68 1250 ¹
106 1256 205 1353 Quod
226 1278 289 1341 quo
309 1255 411 1341 magis
433 1255 573 1337 intelligi
593 1269 714 1337 posset,
736 1252 860 1339 lingere
875 1258 982 1320 animo
1009 1258 1141 1323 libebat
1159 1277 1233 1325 tana

103 1381 139 1429 ta
161 1366 329 1429 incitatum
339 1367 480 1450 aliquem
501 1365 667 1446 voluptate
688 1363 848 1445 corporis,
872 1379 987 1448 quanta
1008 1366 1234 1450 percipi'pos'.
1262 1373 1264 1375 ’

108 1486 160 1535 set
179 1472 334 1533 maxima.
356 1491 478 1531 uenum
469 1469 642 1535 censebat
663 1467 736 1532 fore
749 1468 890 1548 dubium,
913 1494 992 1558 qmn
1003 1474 1136 1552 tamdiu,
1157 1473 1235 1540 dum
1310 1466 1313 1471 ’

106 1580 154 1643 ita
174 1576 348 1663 gauderet,
370 1578 512 1639 nihilo
474 1576 596 1675 agitare
618 1592 742 1653 mente,
760 1577 845 1640 nibil
866 1579 1009 1655 ratione,
1040 1580 1122 1642 nihil
1142 1581 1234 1665 co'gi-

113 1688 235 1749 tatione
259 1687 414 1771 consequi
440 1699 565 1769 posset.
609 1671 771 1782 Quocirca
797 1684 881 1746 nihil
909 1706 982 1750 esse
1008 1701 1072 1750 tam
1099 1685 1237 1750 detesta-

112 1792 195 1869 bile,
231 1806 358 1876 tamque
371 1791 584 1875 pestiferum,
615 1813 708 1877 quam
727 1791 945 1876 voluptatem.
979 1793 1008 1856 si
1030 1793 1159 1879 quidem
1178 1814 1235 1874 ca,

115 1920 187 1966 cum
206 1901 310 1962 maior
338 1910 427 1962 esset
446 1915 540 1986 atque
565 1899 715 1984 longior,
744 1919 841 1962 omne
869 1900 967 1962 animi
987 1901 1096 1962 lumen
1117 1900 1239 1965 exstin-

96 2011 360 2094 .gueret.“-'--
380 2012 471 2071 Haec
485 2028 558 2071 cum
572 2007 741 2096 CgPontio
755 2006 907 2083 Samnite,
928 2022 1020 2091 patre
1035 2009 1125 2084 eins,
1139 2031 1158 2071 a
1172 2029 1238 2095 quo

115 2097 262 2182 Caudino
283 2116 409 2202 praelio
432 2116 488 2198 Sp·
509 2115 712 2192 Postumius,
742 2120 783 2181 T.
803 2116 978 2189 Veturius,
997 2114 1240 2190 consules,.su·

114 2225 219 2307 perati
241 2239 324 2300 sunt,
344 2224 489 2287 locutum
506 2223 689 2305 Archytam,
711 2222 876 2288 Nearchus
891 2221 1094 2308 Tarentinus,
1116 2222 1240 2306 hospes

118 2346 247 2407 noster,
284 2330 394 2414 quiin
423 2330 562 2394 amicitia
586 2332 700 2414 populi
726 2330 864 2394 Romani
893 2341 1130 2413 permanserat,
1163 2349 1199 2392 se
1220 2353 1241 2393 a

117 2437 294 2500 maioribus
314 2452 392 2501 natu
420 2439 585 2520 accepisse
615 2438 759 2513 dicebat,
788 2458 861 2500 cum
889 2437 1019 2520 quidem
1041 2435 1074 2497 ei
1096 2423 1241 2501 sermoni

95 2576 98 2584 ¹
119 2544 321 2609 interfuisset
348 2547 441 2609 Plato
470 2545 696 2609 Atheniensis·
729 2563 825 2631 quem
845 2547 1018 2605 Tarentum
1039 2562 1180 2618 venisse,
1200 2543 1239 2604 L

72 2653 264 2736 Camillo,
286 2652 395 2736 Appio
406 2652 540 2715 Claudro
561 2651 757 2727 consulibus,
780 2652 923 2734 reperio.
968 2650 1115 2761 Quorsus
1135 2648 1283 2730 beccila

119 2777 155 2825 ut
176 2758 375 2847 intelligatis,
408 2760 435 2823 si
455 2759 651 2845 voluptatem
673 2758 840 2844 aspernari
868 2757 995 2822 ratione
1024 2770 1058 2822 et
1083 2755 1241 2877 sapientia

159 3023 205 3096 ιι.
241 3035 420 3108 ueezugmee
440 3038 475 3092 ιι.
495 3040 536 3095 ιι.
555 3040 593 3094 ι.
610 3067 648 3082 .-

160 3169 260 3205 ιιιιιιιιιι
278 3169 313 3203 oc
332 3153 445 3224 donum]
461 3121 522 3208 'clu
541 3154 594 3211 IV·
615 3165 660 3212 10·
737 3153 785 3224 qni
803 3153 832 3206 in
852 3150 977 3204 amicitia
995 3148 1027 3206 P.
1041 3149 1077 3205 lt.
1091 3142 1246 3218 permanse-

162 3251 185 3322 ι.
206 3245 253 3312 [ιι.
292 3261 399 3324 quanto
418 3280 454 3294 -
472 3253 664 3320 maxima1ex
702 3253 762 3322 rut]
795 3248 1100 3331 Formulaxloquendl
1125 3249 1247 3325 antiqua

124 3353 234 3423 syntaxi
258 3352 411 3409 ornatiora
437 3342 510 3425 pro*
527 3367 611 3424 quam
629 3378 667 3393 -
705 3362 734 3407 et
747 3345 900 3413 collensis,
920 3366 1006 3421 quam
1017 3348 1108 3406 babes
1122 3350 1155 3406 in
1167 3347 1246 3424 frag·

124 3453 267 3515 maxima,
286 3450 341 3506 cfr.
366 3453 481 3529 Zumpt.
507 3468 552 3527 gr.
573 3470 600 3513 c.
619 3457 667 3514 84·
705 3461 805 3507 mento
817 3447 946 3502 Thorius
962 3448 1052 3521 legis:
1075 3450 1249 3524 (loricarum

125 3550 150 3620 §.
169 3548 235 3622 689.
379 3593 383 3596 .
707 3553 736 3603 in
757 3548 909 3602 aratoriam
927 3550 1027 3616 populi
1038 3550 1160 3603 Romani
1179 3547 1250 3601 bello

164 3649 234 3702 nihil
251 3651 370 3717 ratione,
391 3651 460 3706 nihil
479 3653 575 3726 regib]
600 3653 671 3704 ratio
708 3641 834 3704 Poiuicic
851 3635 980 3717 proximo
999 3657 1168 3702 manserunt.

63 3766 68 3790 ι
128 3749 160 3804 in
180 3750 346 3819 conjectura
372 3750 508 3806 facienda
527 3752 671 3815 cernitur,
747 3751 774 3818 ᾗ.
795 3757 841 3808 42.
868 3749 1021 3818 aspernari]
1043 3745 1190 3817 aspernari
1209 3752 1252 3798 est
1299 3764 1300 3771 ¹

130 3849 264 3918 cogitatio
284 3848 316 3903 in
340 3848 510 3904 inventione
532 3868 565 3905 ac
586 3867 675 3924 prac-
710 3847 916 3914 remoblatam,
932 3859 1078 3920 tamquam
1092 3846 1253 3918 indiguam,

129 3947 285 4022 paratione
298 3947 500 4011 consiliorum,
519 3949 674 4005 sententia·
710 3963 864 4008 recusare,
884 3956 916 4001 ιιι
935 3947 1015 4003 Suet.
1036 3949 1106 4002 Ner.
1128 3951 1180 4003 58:
1201 3959 1254 4010 pa-

130 4065 214 4109 rum,
242 4045 425 4113 orationum,
445 4025 674 4123 disputationum
711 4063 771 4098 nem
789 4039 931 4098 sordidum
945 4044 1070 4097 oblatum
1089 4062 1126 4096 as
1132 4060 1217 4112 pern
1225 4058 1254 4092 a·

134 4156 188 4202 etc.
714 4153 769 4199 tut
787 4155 835 4204 est.
874 4138 974 4214 Cujus
988 4142 1070 4198 vocis
1092 4142 1256 4212 synonyma

866 4309 869 4315 ,
901 4253 922 4310 5
