2654 4658
87 362 90 368 ·
160 345 204 406 20
391 414 394 427 ζ
556 280 695 397 ὀπο
714 332 888 398 unos,
961 372 965 383 ,

158 525 235 565 num
258 498 471 573 Simonidem,
499 519 576 561 num
598 499 835 580 Stesichorum
866 522 956 579 num,
990 524 1072 588 quos
1101 519 1182 567 ante
1211 505 1290 584 dixi,

147 614 341 694 *Isocratem
363 599 539 692 Gorgiam3
566 628 643 668 num
667 606 939 692 philosophorum
961 610 1145 692 principes,
1167 613 1290 693 Pytha.

69 778 72 783 .
155 716 277 801 goram,
295 714 531 788 Democritum,
553 706 637 776 num*
650 715 829 795 Platonem,
852 737 929 776 num
950 718 1189 793 Xenocratem,
1216 742 1290 782 num

153 837 268 907 postea
289 820 692 903 Zenonem,=Cleanthem,
714 836 872 896 autenm,
895 843 991 909 quem
1010 845 1070 886 vos
1097 825 1203 887 etiam
1228 831 1289 897 Rc

153 952 226 992 mae
245 908 384 1003 vidistis,
405 930 591 1012 Diogenem
611 930 772 1004 Stoicum',
801 932 911 1014 coegit
931 933 967 993 in
990 934 1056 992 suis
1080 930 1207 994 studiis
1234 935 1287 997 oh-

145 1052 337 1105 ·mutesccre
361 1033 539 1097 senectus?
580 1056 621 1096 au
654 1036 690 1097 in
724 1033 872 1096 omnibus
897 1018 959 1096 'hts
995 1037 1186 1102 studiorum
1224 1045 1287 1126 agi.

111 1130 235 1229 pntdtio
255 1145 340 1209 uitae
361 1143 503 1229 aequalis
524 1141 608 1204 fuit?
650 1143 732 1226 Age,
753 1156 790 1206 ut
812 1142 874 1204 ista
895 1139 1005 1204 divina
1026 1145 1136 1208 studia
1159 1150 1286 1213 omitta-

152 1275 240 1327 mus,
269 1238 404 1334 possum
430 1249 599 1312 nominare
628 1269 669 1312 ex
696 1270 776 1334 agro
798 1248 918 1313 Sabino
939 1251 1080 1314 rusticos
1101 1257 1279 1333 Romanos,

107 1360 111 1375 '
150 1362 277 1426 vicinos
298 1375 331 1422 ct
349 1359 524 1420 familiares
546 1377 647 1431 meos,
672 1357 789 1440 quibus
804 1357 996 1420 absentibus
1013 1362 1198 1446 numquam
1215 1364 1283 1428 fece

110 1526 115 1532 .
150 1470 216 1531 ulla
232 1469 267 1529 in
289 1488 368 1552 agno
385 1463 511 1525 ⁴maiora
525 1484 622 1548 opera
633 1462 724 1541 liunt,
745 1486 814 1526 non
827 1466 986 1541 serendis,
1008 1488 1074 1528 non
1089 1472 1284 1555 percipien-

152 1569 214 1644 dis,
235 1592 301 1632 non
322 1570 502 1636 condendis
523 1571 695 1635 fructibus.
718 1602 721 1606 ’
739 1573 937 1669 Quamquam
957 1573 993 1634 in
1009 1574 1075 1635 illis
1088 1579 1202 1643 minus
1224 1581 1284 1642 hoc

149 1677 284 1757 minum3
306 1699 402 1741 nemo
423 1679 511 1743 euim
533 1695 584 1743 est
602 1671 668 1744 tam
688 1701 803 1761 sonex,
828 1681 884 1768 qui
906 1674 1080 1744 se'annum
1101 1707 1171 1749 non
1191 1705 1285 1772 putot

186 1941 232 1996 23.
252 1932 313 1989 Alii
338 1935 398 2009 leg.
418 1926 484 1992 cuin
505 1937 617 2026 Geruli.
639 1956 677 1990 an
696 1938 798 1991 nonin
818 1936 952 1992 omnibus.
971 1967 1010 1983 ·-
1040 1947 1088 1999 24.
1116 1951 1146 1993 ut
1168 1959 1229 2000 om.
1247 1960 1283 2006 v,

244 2035 275 2090 S.
292 2036 334 2090 M.
352 2034 386 2092 L.
404 2063 441 2078 -
467 2037 607 2091 Romanos
628 2053 685 2094 om.
704 2057 735 2097 v.
758 2036 789 2092 S.
808 2055 846 2090 m.

187 2178 226 2214 an
254 2161 285 2214 in
317 2161 451 2230 omnibus]
486 2151 586 2218 Recte*
610 2164 689 2217 Han·
725 2162 792 2219 Fin.
812 2162 853 2222 11.
875 2172 922 2222 31.
945 2171 1006 2222 102.
1047 2160 1168 2242 Quibus
1191 2161 1275 2215 inlo-

78 2290 82 2297 ·
149 2256 217 2317 dius
242 2261 403 2343 Tursellin.
427 2260 497 2319 Vol.
523 2265 548 2320 1.
566 2281 605 2335 -p.
627 2272 691 2337 559.
720 2263 770 2317 cis
810 2261 946 2316 omnibus
984 2281 1022 2314 nn
1060 2273 1106 2318 est
1144 2280 1210 2335 pro
1247 2281 1281 2314 an

149 2376 217 2415 cnm
235 2362 357 2430 Beiero,
377 2342 594 2423 combardum,
613 2363 694 2418 nullu
729 2365 829 2434 potius.

148 2460 262 2534 prioris
278 2461 537 2533 “interrogationis
578 2451 697 2517 rationo*
859 2466 868 2491 ¹

147 2558 270 2628 habita,
291 2579 307 2617 e
327 2559 414 2620 codd.
435 2580 473 2612 on
493 2579 548 2612 non
566 2562 693 2635 rescrip·
767 2563 796 2631 ᾗ,
818 2571 865 2621 24.
886 2561 948 2632 age]
975 2579 1026 2631 nge
1050 2561 1143 2615 etiam
1165 2562 1281 2635 primae

149 2657 223 2731 cisse
240 2662 385 2733 (pinsitur.
418 2664 511 2743 Quam
530 2661 554 2714 si
572 2661 690 2715 habuis·
729 2671 758 2715 et
791 2660 936 2715 secundae
973 2660 1099 2715 Pluralis
1148 2661 1280 2723 additur,

146 2767 200 2820 set,
221 2759 366 2816 sensisset.
385 2759 482 2825 V.D.,
504 2773 541 2810 on
560 2778 631 2832 prae
653 2780 691 2813 on
727 2760 902 2835 praesertim
922 2759 955 2813 id
977 2752 1235 2828 transitionibus,
1254 2771 1280 2815 ut

146 2875 203 2911 non
221 2858 407 2933 probandum
419 2876 493 2924 esse,
513 2859 624 2934 quippe
642 2879 689 2923 cu·
726 2859 828 2915 Divin.
854 2862 879 2916 1.
899 2866 1018 2923 tels:
1050 2877 1120 2928 age,
1147 2880 1230 2916 nunc
1247 2863 1280 2915 od

145 2956 194 3029 jus
211 2957 257 3012 vis
278 2975 312 3014 ea
332 2968 422 3020 esset,
444 2968 476 3012 ut
495 2959 544 3012 vel
563 2960 689 3015 alienam
726 2969 841 3035 santerna
870 2960 1029 3011 redeamus!
1060 2959 1166 3018 Plaut.
1201 2964 1276 3020 Asin

131 3040 196 3113 'vel
213 3059 391 3137 contrariam
404 3056 576 3113 senteutiam
592 3059 688 3131 priori
725 3059 759 3114 V·
782 3073 808 3118 1.
832 3068 867 3119 7:
898 3058 959 3130 Age
978 3077 1041 3128 ergo
1060 3061 1115 3112 hoc
1141 3066 1275 3134 agitemus

145 3156 388 3231 interrogationis
425 3157 501 3231 porti
535 3157 687 3231 adjiceret.
726 3159 880 3229 concipiam
898 3161 964 3212 vino
982 3170 1008 3211 et
1024 3177 1152 3212 sermone
1180 3163 1273 3216 suavi!

143 3255 234 3330 Atqui
261 3259 348 3330 prior
371 3257 582 3328 interrogatio,
616 3257 687 3312 inci·
726 3257 788 3312 Cic.
818 3259 882 3314 Mil.
915 3272 961 3319 21.
994 3267 1046 3318 55:
1096 3262 1161 3330 Age
1195 3281 1273 3328 nunc,

143 3356 230 3429 piens
250 3355 288 3411 ab
306 3355 524 3429 interrogativo
545 3375 628 3422 num,
656 3358 688 3411 in
724 3360 774 3410 iter
799 3356 918 3427 etpemti
949 3360 1067 3412 latronis
1094 3381 1163 3416 cum
1189 3364 1269 3417 Milo-

144 3455 301 3531 negatione
318 3467 488 3529 occupatur.
512 3457 555 3510 Ex
570 3475 630 3529 quo
645 3456 687 3508 in·
725 3460 766 3512 nis
785 3460 1176 3529 impedimentislcomparotc,

145 3554 309 3626 telligitn‘r,
341 3554 566 3627 interrogationi
591 3567 687 3628 poste·
763 3563 859 3631 quihus
887 3558 1065 3628 absentibch.
1102 3562 1137 3615 si
1167 3564 1271 3625 minut.
1313 3610 1318 3631 ,

145 3653 222 3710 riori
243 3653 305 3709 vim
323 3652 419 3707 inesse
439 3653 621 3716 affirmandi,
646 3665 686 3709 at·
723 3670 756 3716 ut
781 3659 918 3738 Quintius
943 3677 968 3713 c.
991 3653 1057 3722 16„
1085 3658 1147 3733 ipsi
1179 3675 1271 3728 arant,

144 3769 202 3827 quc
217 3750 343 3806 alienam
358 3751 465 3806 abhoc
481 3754 548 3808 loco
557 3756 685 3825 negatio·
723 3776 783 3813 non
801 3769 909 3822 tamen,
933 3756 990 3810 nisi
1003 3773 1033 3810 se
1047 3764 1269 3830 praesentibus,

144 3850 570 3924 nenncu.1,egg.11.2.52
597 3858 684 3909 Num·
723 3875 740 3912 a
773 3857 867 3912 servis
901 3856 1014 3926 majora
1052 3869 1136 3914 cente
1180 3877 1270 3937 opera

142 3955 294 4025 quiddam
312 3953 417 4005 habetis
436 3953 568 4021 patrias?
587 3973 633 4006 an
647 3966 685 4008 est
721 3957 800 4011 fiori.
819 3957 939 4017 volunt,
980 3974 1108 4029 quorum
1147 3961 1269 4034 quidem

142 4073 200 4107 una
226 4055 276 4107 illo
300 4054 399 4122 patrio
424 4053 593 4109 communis?
624 4055 681 4108 cfr.
720 4072 790 4112 cura
808 4055 874 4128 plus
892 4056 982 4111 habet
1007 4066 1035 4111 ct
1059 4056 1269 4117 delectationis

141 4153 228 4209 'etiam
252 4151 289 4209 de
316 4153 396 4208 Orat.
429 4165 455 4213 1.
484 4157 531 4212 58.
557 4162 624 4224 249·
644 4151 682 4208 dc
719 4164 748 4210 et
765 4154 909 4213 utilitatis.
