2654 4658
416 337 561 409 annea
577 338 844 404 msromcos.
1147 349 1188 410 er
1253 331 1256 337 ’

10 482 25 590 ,ς’
106 476 111 480 -
148 511 290 568 Cornelio
309 525 335 564 a.
353 507 388 564 U.
406 506 502 562 DXVI
522 505 666 579 expulsis,
686 515 805 562 auctore
824 505 968 562 Flaminio
987 505 1058 566 trib.
1076 509 1119 581 pl.
1140 527 1189 564 co·

10 646 24 694 Ξ,
150 613 236 668 lonos
266 610 419 664 miserunt.

21 743 26 778 t
73 711 208 768 Gallus
229 711 270 777 G,
290 709 359 764 vide
380 702 538 779 Sulpicius.

10 828 26 877 ιῑ
70 811 234 884 Gorgias
252 807 423 872 Leontinus,
442 802 636 875 sophistarum
660 798 830 855 Italicorum
853 793 1006 876 plinccps,
1026 815 1119 860 aetate
1139 804 1193 860 So·
1247 790 1249 794 ἱ

10 922 31 985 ἱ
146 911 232 965 cratis
251 908 334 975 vixit,
355 917 384 961 et
403 915 518 960 centum
537 911 651 972 'septem
669 916 760 954 annos
781 899 948 972 complevit.

10 988 21 1072 i
71 1010 250 1077 Glabrio,
269 1006 331 1064 vid.
350 1004 473 1059 Acilius.

10 1138 15 1170 ε
73 1110 222 1174 Graeci,
242 1108 350 1162 artium
369 1115 397 1160 et
415 1105 581 1158 litterarum
595 1099 808 1174 elegantiorum
819 1098 906 1165 laude
921 1098 1050 1153 omnium
1064 1099 1193 1173 gentium

143 1205 333 1266 nobilissimi,
355 1203 405 1275 qui
425 1201 522 1256 tribus
543 1199 701 1272 generibus
720 1197 905 1268 constabant,
925 1217 1003 1261 uno,
1026 1199 1076 1271 qui
1095 1203 1193 1267 lones,
1239 1209 1240 1213 ’

140 1307 253 1370 altero,
286 1303 338 1376 qui
358 1308 473 1368 Dones,
500 1300 607 1368 tertio,
625 1298 689 1378 ¹qui
714 1296 821 1355 Aeoles
845 1300 1082 1359 nominabantur.
1120 1300 1192 1356 lnde
1272 1280 1278 1287 ¹

141 1398 255 1474 ddject.
465 1399 468 1405 ’

64 1509 253 1569 Graecus,
272 1519 301 1569 a,
320 1518 404 1578 um,

611 1626 647 1679 H.

63 1727 270 1790 Hannibal,
288 1723 548 1798 Karthaginiensis,
567 1723 746 1780 fortissimus
766 1734 796 1778 et
814 1721 1018 1778 callidissimus
1044 1721 1102 1776 dux
1121 1723 1193 1777 Poe·

141 1845 270 1891 norum,
291 1825 343 1900 qui
361 1824 474 1880 bellum
491 1824 636 1878 Punicum
655 1821 815 1880 secundum
833 1839 901 1876 cum
924 1823 1037 1895 populo
1061 1823 1193 1878 Romano

142 1928 239 2001 gessit.
278 1924 342 1979 Csr.
364 1923 550 1996 Corn-Nep.
570 1924 698 2005 Hannib.
981 1920 1011 2001 ’-

60 2027 252 2095 Hesiodus
270 2023 413 2080 Ascraeus
432 2024 464 2078 in
482 2023 622 2089 Boeotia,
641 2004 738 2100 [polita
763 2021 978 2096 antiquissimus
1005 2018 1083 2093 apud
1102 2021 1192 2077 Grae·
1275 2031 1276 2036 ’

144 2144 213 2193 cos,
240 2125 292 2198 qui
318 2142 386 2178 cum
410 2122 483 2188 alia,
508 2132 570 2176 tum
593 2140 710 2177 carmen
737 2121 774 2176 de
800 2140 834 2176 re
860 2121 969 2202 rustica
1006 2121 1191 2194 conseripsit,

93 2295 95 2300 .
138 2223 225 2309 ἔργα
262 2219 323 2284 καὶ
353 2219 483 2311 ἡμέραι
508 2232 691 2306 inscriptum.
707 2306 709 2310 λ
728 2233 784 2287 Hic
810 2231 847 2287 ad
871 2244 981 2288 tantam
1010 2242 1190 2287 senectutem

138 2350 288 2424 pervenit,
308 2361 342 2406 ut
361 2369 395 2406 ea
415 2350 446 2404 in
463 2351 657 2424 proverbium
684 2355 797 2412 ahirot:
829 2339 1031 2411 Ἡσιόδειον
1066 2340 1187 2432 γῆραῖ·

56 2457 254 2532 Hispania,
275 2475 364 2531 quam
382 2475 409 2512 a.
429 2455 463 2511 U.
483 2456 630 2515 DXLVIII
648 2462 681 2514 P.
703 2460 858 2517 Cornelius
877 2461 993 2534 Scipio,
1012 2456 1120 2514 Poenis
1140 2453 1190 2507 de-

135 2559 221 2612 victis
241 2569 270 2613 et
289 2559 320 2613 in
339 2568 433 2613 totum
456 2560 640 2631 possessione
661 2560 723 2631 ejus
745 2561 878 2624 exclusis,
909 2563 962 2617 sub
989 2561 1189 2614 Romanorum

136 2668 308 2732 potestatem
331 2657 457 2732 redegit.
487 2693 488 2696 =

10 2754 30 2809 '.
55 2760 255 2835 Homerus,
274 2757 416 2831 princeps
434 2761 599 2831 politorum,
618 2759 729 2831 patria,
749 2771 783 2816 nt
801 2759 934 2825 videtur,
956 2757 1061 2817 Chius,
1088 2754 1136 2808 vel
1156 2759 1188 2805 nt

78 2835 88 2851 ⁹
139 2855 191 2910 alii
208 2859 322 2920 volunt,
342 2856 516 2928 Smyrnaeus
522 2877 534 2928 3
555 2877 727 2932 quamquam
740 2871 850 2933 septem
864 2860 994 2914 civitates
1011 2859 1088 2911 bunc
1102 2871 1187 2910 suum

141 2953 198 3008 sibi
217 2955 312 3010 ciuem
329 2956 492 3014 vindicasse
502 2956 686 3033 >'ascoepimun
706 2971 739 3015 ut
752 2971 794 3016 est
809 2979 856 3033 ap.
872 2961 946 3016 Gell.
956 2961 1008 3014 ΙΙΙ.
1025 2970 1076 3015 11:

163 3057 245 3120 ἑπτά
272 3057 388 3130 πόλεις
412 3055 582 3148 bispidum
608 3063 689 3148 περὶ
713 3065 819 3149 ῥίζαν
842 3064 991 3148 Ὁμήρε,
1161 3135 1163 3139 y

159 3157 333 3246 Σμύρνα,
358 3153 485 3246 Ῥόδος,
511 3161 708 3251 Κολοφών,
733 3161 1182 3246 zaaapa'v,”105‚”Apy05,

608 3257 609 3260 ¹
867 3262 1030 3346 'Abinna

132 3354 208 3422 Hic,
238 3372 327 3430 qsrem
351 3373 429 3410 anno
456 3355 520 3411 fere
540 3356 738 3414 ducentesimo
756 3370 822 3414 ante
840 3360 953 3414 Urbem
972 3357 1117 3439 conditam
1136 3359 1180 3414 vi-

132 3455 220 3523 xisse,
247 3469 276 3512 et
300 3454 338 3511 ad
356 3472 496 3540 summam
519 3470 695 3514 senectutem
719 3462 891 3533 pervenisse
910 3458 1043 3527 tradunt,
1068 3460 1180 3515 bellum

133 3554 292 3623 Troianum
312 3565 341 3609 et
360 3573 479 3611 errores
496 3556 605 3627 Ulyssis
624 3560 802 3615 carminibus
821 3559 987 3631 descripsit.

18 3720 26 3729 .
608 3683 632 3740 I.

10 3774 29 3810 ¹
50 3774 141 3839 lde,
167 3793 252 3830 mons
278 3776 438 3850 Pbrygiae,
466 3797 525 3853 quo
546 3782 664 3859 quidem
683 3795 781 3840 monte
801 3783 936 3856 Cybeles,
956 3802 1041 3859 quam
1060 3781 1182 3837 eandem

10 3876 35 3922 '.
136 3877 247 3931 Bonam
266 3878 390 3933 Matrem
409 3879 603 3952 appellabant,
624 3901 704 3940 sacra
723 3897 787 3941 orta
806 3886 933 3960 indeque
956 3941 964 3955 ,

50 3970 172 4027 Idaea
199 3971 275 4029 dicta
302 3985 375 4029 sunt.
414 3977 492 4032 Haec
518 3993 616 4036 autem
636 4000 734 4049 sacra,
758 3985 844 4039 libris
864 3985 1015 4056 Sibyllinis
1034 3986 1179 4042 monenti-

10 4076 32 4135 ᾗ
129 4071 198 4134 bus,
217 4073 529 4158 Pessinuntekllomam
548 4078 678 4144 adiecta,
700 4093 730 4138 et
749 4083 779 4136 in
799 4083 901 4140 aedem
920 4085 1070 4140 Victoriae
1085 4086 1180 4142 inPa-

10 4175 33 4233 52
125 4170 199 4227 latio
219 4190 236 4228 a
254 4176 287 4231 P.
300 4173 440 4232 Cornelio
462 4178 564 4251 Nasica
583 4178 677 4239 dolata
696 4194 773 4250 sunt,
793 4199 819 4240 a.
844 4176 878 4240 U.
899 4183 1032 4253 DXLIX,
1051 4184 1091 4240 Μ.
1107 4184 1180 4245 θον,

944 4278 965 4346 0
