2654 4658
122 334 245 406 ,vm

169 504 243 567 dem
254 503 787 579 difficiliorumlocorumsermone
798 502 942 574 scribere
949 507 1295 596 patrio‚numqnidhoc

169 621 257 684 eliud
277 638 345 697 est,
372 623 434 687 nisi
452 641 556 707 puero
583 624 725 707 partium
747 623 825 685 libri
849 627 926 690 satis
945 626 1115 689 multorum
1134 623 1294 690 submini-

168 753 275 802 strare
295 739 503 802 versionem?
523 730 598 801 Non
619 737 736 802 eodem
755 737 853 803 modo
873 740 936 815 isti,
957 761 1022 804 nou
1043 741 1166 805 Graeca
1185 760 1294 828 neque

167 854 297 929 Latina,
334 854 393 917 sed
420 855 591 919 versiones
617 874 755 937 operum
780 855 978 919 Graecorum
1004 871 1037 920 ct
1064 858 1294 919 Latinoruma

51 1015 53 1019 ,
168 970 337 1055 discipulis
354 966 509 1057 legendas
529 991 602 1033 esse
619 963 814 1047 dictitantes,
836 971 1034 1036 contendunt
1053 971 1198 1034 levitatis
1217 972 1292 1036 buc-
1323 950 1325 955 Ι

93 1086 99 1100 ’
168 1084 356 1149 cinatcrcs‘i
378 1089 464 1172 Age,
485 1103 526 1151 ut·
540 1085 580 1150 sd
598 1101 709 1149 nostra
726 1085 907 1152 veniemus:
928 1101 1031 1151 estut
1050 1087 1188 1149 istorum
1208 1086 1289 1162 dam·

167 1202 349 1279 nosissima,
371 1203 415 1267 ita
434 1202 645 1266 saluberrima
665 1202 747 1266 haec
767 1183 851 1266 ratio
873 1200 998 1266 studiis.
1044 1207 1184 1266 Tantum
1205 1203 1287 1267 enim

165 1316 274 1394 abest,
303 1333 339 1381 ut
366 1339 407 1380 ex
429 1317 516 1381 notis
541 1317 665 1381 Latinis
689 1316 772 1379 nihil
798 1317 899 1383 discat
923 1319 1086 1401 juventus,
1105 1334 1142 1382 nt
1162 1338 1290 1383 sacres

164 1431 281 1512 melius
299 1432 477 1517 percipiat,
498 1453 581 1518 quse
600 1433 728 1510 Latina,
748 1452 842 1518 quem
861 1455 943 1520 quse
964 1433 1137 1498 vernacula
1156 1435 1290 1498 traden-

164 1557 219 1613 tur
236 1550 356 1632 lingua.
400 1547 528 1644 Quodsi
546 1551 733 1635 qui-contre
752 1548 934 1633 disputent„
958 1548 1042 1611 nihil
1067 1564 1173 1634 egent.
1217 1551 1289 1614 Nisi

139 1690 141 1693 ·
165 1663 254 1728 forts
270 1666 514 1730 alterumutrum
529 1685 594 1728 nse
610 1664 825 1730 demonstrari
839 1677 1070 1749 posseputant‚
1085 1664 1182 1726 deese
1197 1666 1288 1729 scili-

164 1794 217 1842 cet
242 1795 295 1843 aut
319 1778 372 1841 his
391 1779 560 1864 discipulis
584 1781 718 1866 legendi
738 1781 940 1856 facultatem,
965 1795 1019 1843 eut
1038 1777 1114 1844 huic
1144 1779 1282 1842 sermoni

162 1893 427 1979 perspicuitatem
445 1895 592 1978 dicendi3
612 1919 749 1985 quorum
766 1893 847 1959 illud
867 1895 964 1960 modo
984 1912 1034 1960 est
1047 1919 1066 1958 a
1084 1895 1179 1960 nobis
1198 1895 1286 1958 relu-

161 2024 277 2086 tatnm,
300 2013 438 2075 alterum
463 2033 506 2075 ne
525 2029 602 2099 eget
623 2015 755 2099 quidem
776 2012 983 2076 refutatione.
1016 2017 1117 2076 Haec
1134 2010 1288 2075 nimirum

163 2140 216 2189 est
232 2124 377 2204 indoles,
396 2126 460 2190 hoc
480 2128 645 2211 ingenium
662 2128 792 2212 linguae
808 2128 958 2205 Latinae,
974 2143 1010 2191 ut
1027 2129 1155 2213 possint
1174 2149 1214 2193 ee
1232 2148 1286 2218 res

163 2239 229 2309 dici
249 2263 316 2304 non
328 2241 426 2306 modo
440 2245 569 2328 gravius
586 2259 620 2307 et
633 2245 785 2320 ornatius,
805 2244 863 2306 scd
877 2243 1009 2308 brevius
1027 2244 1133 2318 etiam,
1155 2242 1284 2317 clarius,

163 2355 363 2431 distinctius·
384 2388 427 2408 ·-
451 2360 496 2422 At
518 2358 640 2440 majore
661 2381 744 2444 opus
761 2375 810 2424 est
828 2359 942 2424 Latina
971 2359 1155 2446 legentibus
1183 2373 1284 2422 atten-

56 2492 63 2515 ι
160 2474 269 2538 tione!
291 2509 332 2522 -
352 2477 436 2540 Saue
456 2476 599 2563 quidem.
640 2477 684 2539 At
709 2497 750 2539 eo
776 2475 880 2538 acrius
899 2474 934 2537 hi
951 2473 1169 2559 perspicient,
1204 2493 1281 2560 quas

159 2585 320 2672 legerint,
340 2590 459 2657 leviter
476 2608 599 2658 tantum
616 2592 825 2676 percursusi,
846 2611 927 2676 quae
944 2591 1061 2672 patrio,
1074 2577 1118 2652 'id
1133 2606 1199 2666 est,
1226 2591 1282 2653 de-

162 2717 288 2766 cantato
307 2703 388 2788 ipsis
408 2730 558 2780 sermone
577 2709 641 2772 siut
660 2706 854 2791 perscripta.
896 2706 984 2804 Quid
1006 2706 1094 2792 quod
1120 2708 1219 2769 etiam
1243 2706 1283 2770 ad

160 2819 410 2903 perdiscendam
427 2824 569 2909 linguam
586 2822 710 2908 aliquid
728 2822 859 2905 confert
875 2823 954 2885 haec
972 2822 1099 2886 lectio?
1123 2825 1204 2885 Nam
1223 2823 1280 2884 La-

101 2913 107 2924 ’
160 2937 244 3001 tinas
267 2939 321 3001 rel
347 2960 595 3024 synonymorum
622 2938 677 3001 vel
701 2938 870 3015 obscurius
896 2939 1057 3003 dictorum
1087 2938 1281 3031 interpreta-

135 3044 138 3051 ’
160 3054 267 3118 tiones
285 3054 470 3140 legentibus
491 3072 523 3120 et
541 3056 635 3141 copia
653 3054 837 3143 electioque
854 3055 1028 3128 verborum
1047 3052 1224 3140 augebitur,
1245 3065 1280 3113 et

159 3168 330 3233 multarum
348 3173 516 3255 apparebit
532 3171 730 3236 locutionum
751 3172 897 3257 cognatio
910 3192 947 3235 sc
962 3168 1146 3235 similitudo.
1175 3165 1280 3230 Acce·

162 3283 220 3358 dit,
237 3271 342 3372 quod,¹
356 3307 454 3373 quum
471 3288 569 3352 iubis
584 3290 758 3356 arctiorem
773 3289 938 3378 quandam,
957 3302 993 3351 ut
1005 3285 1052 3363 fit,
1072 3286 1278 3373 grammatice
1324 3330 1325 3335 κ

163 3401 329 3464 scribendi
347 3424 492 3466 normam
511 3427 696 3485 servemus,
715 3409 821 3492 pueri,
842 3426 920 3492 quas
939 3424 980 3466 ex
998 3403 1279 3490 grammaticorum

160 3511 283 3578 libellis
303 3517 495 3597 didicerint,
524 3540 635 3589 nostra
666 3523 814 3610 legentes
841 3535 993 3604 repetent
1016 3520 1278 3606 usuqueproba·

162 3628 243 3695 bunt
255 3633 396 3718 regulas.
437 3640 487 3702 lle
506 3640 614 3723 pluro!
643 3638 710 3737 Qui
729 3657 833 3722 puero
853 3656 1004 3700 sermone
1023 3637 1140 3701 Latino
1163 3655 1277 3719 usque·
1320 3616 1324 3705 l

163 3770 288 3836 quaque
309 3753 422 3817 utendi
439 3754 666 3820 necessitatem
686 3753 873 3838 injunxerit,
892 3753 920 3817 is
938 3752 1065 3820 demum
1084 3752 1214 3825 caverit,
1233 3770 1277 3813 ne
1321 3748 1323 3767 '

162 3865 206 3929 sit
220 3863 372 3944 futurum,
393 3855 430 3932 ut
442 3867 497 3933 bic
513 3869 548 3933 in
566 3871 654 3934 Latio
673 3869 794 3954 hospes
817 3889 894 3941 esse¹
906 3867 1069 3937 rideatur.
1110 3870 1216 3955 Atque
1236 3867 1277 3929 de
1321 3864 1323 3883 '

103 4010 108 4025 ·
162 3981 288 4045 ratione
300 3998 332 4048 et
351 3984 488 4048 consilio
508 3985 602 4069 hujus
622 3987 770 4073 opusculi
788 3985 867 4049 haec
880 3985 996 4081 habui,
1015 4008 1098 4072 quas
1116 3988 1275 4050 dicerem.

256 4139 311 4206 rib.
326 4141 489 4223 Monachii
502 4164 531 4209 s.
544 4144 575 4208 d.
591 4145 644 4209 lx.
659 4146 730 4211 Ital.
743 4149 955 4212 Novembres.
971 4150 1233 4215 uncccxxxt.
