2654 4658
168 352 211 424 62
301 415 306 423 .
590 350 710 417 CATO
733 351 872 421 tillon

165 520 283 578 Deinde
301 531 443 596 quantum
462 518 514 575 illa
532 535 600 593 spes
617 519 701 575 viros
723 519 902 575 clarissimos
915 515 954 575 ad
964 517 1224 580 benefaciendum
1241 524 1291 582 rei·

164 620 305 695 publicae
325 620 510 694 gloriamque
529 618 746 695 adipiscendam
766 619 952 685 incitaverit,
972 630 1147 694 quantoque
1170 623 1290 695 optimu:

166 717 292 794 quisque
311 717 408 776 studio
428 720 586 787 efferatur,
606 719 693 786 illos,
712 737 785 793 quos
804 718 853 774 vel
872 720 1001 775 coluerit
1019 732 1049 776 et
1069 720 1232 790 dilexerit,
1251 724 1290 778 vil

164 816 201 875 dc
221 819 329 893 quibus
348 817 476 874 audierit
495 828 524 874 et
541 817 662 894 legerit,
679 816 813 888 videndi,
831 818 1034 892 pulcherrimo
1053 819 1184 896 epilogo
1205 822 1287 880 decla·

164 927 250 973 ratur
268 934 285 972 a
305 915 426 972 Catone.

125 1030 166 1088 77
231 1000 340 1090 xxxi.
380 1014 543 1102 Equidem
583 1035 651 1079 non
690 1018 815 1094 -video,
862 1039 940 1096 cur,
981 1017 1061 1105 quid
1106 1019 1186 1105 ipse
1217 1040 1288 1088 sen.

142 1132 156 1161 1‘
166 1122 245 1185 tiam
280 1120 323 1184 de
364 1108 487 1215 morte⁷
527 1145 595 1186 non
637 1124 770 1212 audeam
791 1118 904 1189 >robis
948 1124 1082 1192 dicere:
1129 1132 1217 1215 quod
1256 1154 1290 1196 co

166 1229 282 1292 melius
322 1231 404 1294 mihi
444 1250 583 1296 cernere
624 1231 759 1308 uideor,
808 1255 874 1320 quo
907 1233 947 1297 ab
988 1257 1028 1298 eo
1064 1240 1202 1323 propius
1238 1241 1290 1303 ah-

166 1360 249 1407 enm.
289 1342 365 1422 Ego
405 1355 535 1404 vestros
569 1355 714 1424 patres,
740 1345 779 1405 Ρ
816 1341 947 1442 Scipio,
980 1358 1099 1432 tuque,
1131 1349 1164 1410 C
1177 1349 1290 1429 Laeli,

163 1446 255 1517 viros
287 1445 486 1508 clarissimos
521 1447 665 1534 mihique
708 1449 937 1552 amicissimos,
976 1452 1090 1517 vivere
1131 1420 1288 1546 arbitror:

165 1570 199 1617 et
228 1575 298 1616 eam
323 1553 455 1638 quidem
492 1555 607 1632 vitam,
652 1577 733 1648 quae
777 1573 827 1622 est
868 1559 938 1621 sola
979 1559 1047 1623 vita
1068 1560 1287 1649 nominanda.

163 1666 261 1739 Nam,
300 1660 376 1723 dum
414 1685 521 1725 sumus
557 1663 592 1725 in
620 1664 673 1726 his
709 1666 828 1729 inclusi
874 1667 1083 1759 compagibus
1123 1675 1284 1755 corporis,

162 1791 297 1859 munere
345 1770 484 1854 quodam
530 1772 738 1835 necessitatis
792 1788 825 1849 et
869 1774 962 1857 gravi
1003 1775 1108 1859 opere
1155 1777 1285 1873 perfun-

58 1904 64 1961 ζ
76 1929 79 1933 .
163 1880 293 1962 gimur:
331 1892 382 1940 ast
417 1880 504 1941 enim
543 1874 667 1941 animus
711 1879 846 1944 coelest
822 1895 866 1972 trs
909 1901 951 1942 cx
992 1872 1157 1945 altissimo
1194 1883 1287 1946 ‹lomi-

162 1986 240 2051 cilio
263 1983 450 2068 depressus,
471 2001 504 2049 et
526 1987 615 2073 quasi
638 1986 833 2050 demersus
824 2009 859 2049 ιιι
876 1997 1010 2065 terram,
1031 1989 1149 2053 locum
1166 1989 1286 2056 divinae

82 2103 85 2111 “
161 2108 294 2171 naturae
316 2093 564 2178 aeternitatique
583 2096 793 2162 contrarium.
833 2097 899 2158 Sed
920 2096 1031 2174 crede,
1054 2097 1137 2164 deos
1157 2097 1286 2162 immor·
1322 2170 1323 2184 q

56 2225 62 2247 ι
161 2201 243 2267 tales
270 2201 429 2284 sparsisse
459 2202 583 2264 animos
612 2203 648 2264 in
675 2192 817 2289 corpora
840 2202 992 2291 humana,
1020 2219 1212 2283 necassent,
1241 2205 1284 2295 qai

159 2325 266 2373 terras
295 2323 492 2384 tuerentur,
514 2309 650 2400 quique,
678 2311 868 2374 coelestium
897 2310 1048 2373 ordinem
1069 2315 1284 2400 contemplan-
1322 2306 1323 2320 ¹

159 2433 222 2493 tes,
246 2419 452 2480 imitarentur
474 2437 547 2478 eum
568 2419 653 2482 vitae
674 2416 771 2481 modo
794 2435 890 2504 atque
909 2416 1102 2484 constantia.
1149 2425 1221 2485 Nec
1242 2442 1282 2485 mc

88 2520 91 2535 '
161 2525 266 2588 solum
287 2523 370 2586 ratio
393 2544 430 2586 ac
448 2522 624 2609 disputatio
647 2526 789 2606 impulit,
813 2540 849 2589 nt
867 2526 911 2589 ita
930 2525 1130 2590 crederem:
1155 2528 1219 2591 sed
1238 2551 1281 2592 ne

70 2692 76 2700 .
123 2633 276 2698 'idhilitas
303 2633 401 2695 etiam
430 2621 625 2697 summorum
652 2633 921 2718 philosophorum
942 2646 975 2695 et
995 2636 1191 2701 aucteritas.
1211 2638 1281 2716 ,Au-

162 2739 291 2801 dieham
310 2738 529 2824 Pythagoram·
542 2741 845 2826 Pythagoreosque,
868 2739 999 2801 incolas
1013 2759 1126 2822 paene
1148 2759 1281 2817 nostros,

161 2846 348 2931 quiessent
372 2849 475 2911 Italici
502 2838 692 2933 philosophi
721 2847 883 2933 quondam
908 2840 1279 2938 nominandumque
1315 2874 1323 2898 ι

161 2954 343 3029 dubitasse,
373 2957 452 3039 quin
477 2978 517 3019 ex
535 2959 687 3024 universa
707 2971 815 3018 mente
839 2953 947 3018 divina
971 2950 1140 3020 delibatos
1171 2944 1281 3019 animo:
1316 2959 1323 2995 ⁵

159 3061 368 3124 haberemus:
392 3064 695 3152 demonstrabantur
713 3063 793 3127 mihi
811 3076 1004 3149 praeterea,
1032 3079 1119 3159 quae
1142 3063 1277 3129 Socrate:
1316 3058 1323 3094 ³

198 3264 244 3315 77.
264 3273 330 3326 ergo
349 3254 508 3309 vestrosR.
530 3255 623 3308 T.-
642 3259 692 3313 ta.
711 3253 1006 3309 demonstrabatur·
1026 3250 1174 3322 quid.
1124 3273 1160 3315 υ.
1178 3283 1218 3301 --
1310 3317 1323 3354 ⁸¹

99 3419 104 3430 ι
199 3357 272 3426 Cap.
292 3355 368 3413 XXI.
394 3353 418 3425 ᾗ.
439 3366 485 3414 77.
511 3353 603 3424 opere]
636 3370 704 3423 opus
779 3356 853 3407 ratio
873 3372 906 3406 ac
925 3352 1142 3422 disprttatio]h.
1166 3374 1194 3413 e.
1212 3371 1274 3429 arvi
1310 3398 1323 3453 R

159 3453 192 3515 li.
216 3456 238 3514 l.
263 3454 300 3510 de
332 3473 369 3511 eo
399 3453 503 3508 labore
531 3456 706 3526 usurpatur,
740 3455 881 3509 mentatio
920 3470 936 3508 e
974 3462 1101 3509 naturae
1150 3456 1273 3534 humanat

160 3572 249 3631 quem
266 3553 379 3608 homini
399 3551 538 3626 imponit
538 3552 705 3611 necessitas.
740 3552 911 3626 cognitione
929 3550 1025 3607 ducta·
1057 3618 1062 3625 ι

54 3666 94 3705 ἰ·
157 3714 161 3720 ,
197 3653 347 3722 iderentur]
367 3655 436 3705 tueri
449 3649 632 3719 dicuntnrii,
653 3653 704 3727 qul
766 3682 769 3689 =

160 3754 197 3812 ad
217 3773 280 3810 rem
304 3736 373 3826 aliq'.
398 3750 609 3826 protegendam
635 3769 703 3806 con·
778 3753 806 3821 ᾧ.
826 3758 875 3812 78.
899 3751 1005 3805 incolas
1031 3748 1123 3820 paene'
1145 3746 1267 3827 nostld'»

160 3854 251 3910 stituti
278 3863 360 3914 sunt,
387 3852 544 3920 defendere,
569 3849 619 3925 qui
640 3849 703 3925 ipsa
739 3850 857 3922 Pythag.
876 3850 939 3911 vid.
957 3850 1020 3909 ind.
1038 3850 1109 3907 hist.

159 3953 294 4030 pericula
314 3952 472 4027 repellunt.

198 4053 292 4123 modo]
312 4053 333 4113 i.
352 4070 378 4110 e.
398 4048 541 4108 modestia
561 4050 610 4108 vcl
629 4061 701 4108 tem·
778 4025 887 4083 ³⁰0⁰&
907 4026 1016 4103 nesea]
1035 4025 1118 4101 aPud
1137 4030 1273 4090 Pl⁸t⁰¹¹⁶⁸
1320 4119 1323 4130 Ι

732 4125 771 4213 ,ιιι
789 4125 956 4206 Phaedone.
1321 4138 1323 4145 ·

159 4152 304 4228 perantia.
