2654 4658
156 312 203 382 Vl

47 509 82 553 ¹·
155 479 271 545 xvir.
316 476 480 553 asanaa
502 470 566 557 (g.)
616 454 619 465 '

125 615 128 623 ·
198 596 282 656 xlx.
325 589 531 658 Wetzeliana
549 588 664 652 altera.
687 588 772 664 (W)

205 709 278 774 XX.
323 707 546 771 Schuetziana.
567 705 627 781 (ἢ)
691 726 694 733 ·
741 727 742 732 ’

177 825 279 886 xxu.
323 822 595 886 attrabatum.
679 879 681 882 Α
846 792 849 808 ’

166 939 282 1000 XXIII.
324 937 502 1006 Nobbiana.
537 937 607 1018 (N.)
695 937 697 941 ’

161 1055 282 1147 XXIV.
324 1055 440 1120 trano.
462 1054 589 1120 Nicolai
608 1048 731 1119 llleinli
751 1056 972 1138 Programma.

173 1171 283 1239 XXV.
326 1170 580 1234 Observationes
602 1171 777 1233 nonnullae
800 1183 862 1234 etc.
884 1165 1015 1250 scripsit
1035 1165 1079 1230 O·
1098 1165 1146 1230 M<
1167 1167 1281 1229 Multa

327 1279 491 1354 (Seebode
510 1279 610 1342 Areh.
636 1286 706 1346 102.
728 1301 761 1361 p·
784 1279 885 1354 5551).

16 1386 43 1495 s(
163 1390 283 1473 XXVI.
328 1405 489 1467 Censurae
527 1401 578 1464 ed.
615 1401 881 1467 Gerrhardianae
908 1399 949 1462 ab
976 1401 1166 1463 Hermanno
1194 1411 1229 1458 et
1264 1418 1283 1457 a

183 1518 186 1525 '
328 1513 461 1577 Mosero
493 1510 710 1599 conscriptae.
749 1502 860 1579 Affert
884 1507 942 1570 ille
967 1498 1129 1570 lectiones
1155 1503 1277 1587 aliquot

285 1660 286 1664 =
326 1617 406 1683 Cdd.
422 1619 559 1682 duorum
579 1617 616 1697 (l.
633 1619 697 1698 p.);
719 1616 774 1680 hic
794 1616 872 1679 alias
894 1615 944 1682 sui
965 1612 1017 1717 od.
1039 1607 1284 1693 (canant).

141 1794 143 1798 “
242 1784 346 1849 Venio
366 1791 452 1848 nunc
474 1784 515 1848 ad
534 1764 920 1874 animad'rersianeune
935 1777 1051 1866 quibus
1070 1776 1190 1860 duplex
1205 1773 1287 1839 mibi
1319 1786 1322 1825 t

159 1903 266 1966 oritur
287 1905 452 1986 quaestio3
475 1923 548 1978 una,
571 1920 668 1986 quem
678 1914 790 1964 teneat
810 1895 1051 1964 animadversor
1066 1891 1217 1971 modum3
1241 1890 1286 1954 al-

159 2032 240 2094 tera,
263 2019 542 2110 patrios-‚srmone
564 2016 683 2082 scribat
703 2038 744 2080 aa
763 2010 892 2084 Latino.
934 2010 1177 2096 De‚superiore
1200 2008 1287 2071 enim

100 2124 108 2139 ²
161 2133 350 2220 quaestione
378 2118 529 2220 equidem
563 2133 611 2199 sic
632 2133 754 2196 senties
787 2152 860 2196 cum
889 2129 1019 2210 omnino
1047 2127 1194 2191 rationes
1221 2127 1285 2188 sint

161 2248 260 2323 duae,
289 2268 367 2332 quas
395 2264 534 2331 propter
563 2248 707 2311 rationes
730 2236 801 2313 cum
836 2246 949 2336 pueris
980 2261 1129 2311 veterum
1158 2241 1283 2305 chartas
1322 2239 1323 2256 ³

148 2348 349 2440 evolvimus,
369 2381 506 2449 propter
524 2365 824 2452 interpretationem
845 2363 960 2447 scripti
980 2379 1013 2426 ct
1029 2359 1284 2425 emendationem

161 2481 244 2549 stilis
272 2502 325 2542 res
353 2502 530 2565 puerorum
558 2483 656 2547 aetati
681 2477 794 2565 parnin
819 2494 925 2553 notas,
947 2493 997 2552 et,
1020 2477 1047 2541 si
1068 2475 1147 2560 quid
1166 2474 1280 2536 dictum

85 2655 92 2668 ,,
143 2596 263 2660 'suerit
282 2597 473 2672 obscurius,
494 2597 658 2660 enarrabit
676 2588 934 2674 animadversor3
968 2595 1229 2658 constructiones
1249 2609 1284 2651 ac

162 2709 416 2795 significationes
441 2715 547 2778 minus
571 2714 721 2798 fulg-arcs
747 2710 925 2779 illustrabit
952 2711 1111 2793 exemplis
1119 2732 1129 2789 3
1162 2705 1286 2771 notabit

164 2825 356 2909 elegantiam
376 2843 586 2913 ornatumque
608 2827 738 2893 dicendi
745 2851 755 2908 3
775 2844 860 2901 tum«,
882 2826 916 2887 in
935 2825 987 2891 bis
1007 2828 1156 2889 omnibus
1174 2845 1215 2886 ne
1232 2822 1281 2882 ni-

164 2942 248 3008 mius
268 2943 327 3030 sit,
356 2944 496 3020 cavebit,
515 2943 722 3028 studebitque
740 2942 905 3010 brevitati.
928 2977 966 2988 -·
991 2943 1036 3005 At
1058 2944 1199 3006 enimin
1219 2942 1286 3002 exi-

165 3058 271 3145 genda
290 3060 451 3126 brevitate
470 3079 618 3123 morosus
639 3081 710 3123 esse
729 3083 795 3129 non
814 3075 905 3126 recte
923 3081 1023 3145 posse
1042 3058 1168 3128 videor,
1196 3074 1283 3114 meo·

160 3157 229 3261 'que
247 3177 386 3261 jugulari
407 3176 532 3259 gladi03
553 3181 626 3264 ipse
647 3179 813 3262 copiosior
832 3178 881 3245 fui
894 3178 929 3241 in
943 3170 1127 3240 enarrandis
1139 3171 1222 3233 locis
1235 3172 1287 3234 hi.

166 3279 312 3354 stolicis!
325 3325 356 3338 w
377 3289 420 3354 At
439 3313 502 3376 ego
523 3315 649 3362 causam
667 3294 776 3359 dicere
788 3315 854 3357 non
874 3292 1037 3356 dubitabo.
1057 3289 1179 3372 Negari
1195 3291 1286 3375 equi.

168 3406 326 3469 dem'non
345 3423 470 3491 potest
483 3412 580 3492 longe
599 3397 768 3493 maximum
787 3410 883 3492 hujus
908 3407 1012 3472 libelli
1032 3422 1229 3471 momentum
1254 3408 1289 3467 in

167 3524 352 3607 cognitione
373 3547 390 3586 a
410 3525 518 3588 Tullio
537 3496 678 3608 positum
697 3549 770 3608 esec
788 3525 1016 3602 historiarum-3
1038 3522 1188 3609 dictaque
1203 3547 1220 3586 a
1234 3528 1290 3589 Ca-

167 3653 245 3702 tone
268 3654 364 3724 atquc
383 3656 569 3723 argumenta
588 3643 632 3705 ita
651 3642 778 3704 demum
797 3641 1039 3707 satis-habitura
1060 3641 1240 3713 esselucis,
1262 3641 1289 3699 si

166 3770 269 3820 totum
288 3758 323 3816 in
344 3774 381 3819 ea
401 3757 587 3838 cognitione
606 3756 817 3822 collocaveris
838 3759 1007 3822 lectorem.
1050 3760 1101 3827 Aa
1129 3755 1156 3818 si
1183 3753 1290 3837 puori,

170 3893 268 3958 quum
287 3871 519 3954 adlegandum
538 3873 624 3937 hunc
646 3875 809 3956 dialogum
836 3872 1009 3946 accedunt,
1045 3896 1104 3937 cas·
1128 3871 1214 3954 ipsas
1239 3869 1289 3930 hi-

169 3987 285 4053 storias
304 3987 504 4051 institutione
517 3989 587 4072 'jam
606 3991 776 4073 superiore
795 3992 942 4075 cognitas
955 3991 1123 4069 baberent,
1148 3989 1183 4052 id
1196 3988 1291 4049 nobis

116 4108 118 4113 ’
150 4101 423 4172 retruderetur
442 4106 671 4193 praeclarum?
697 4106 886 4193 Scipionum
909 4106 1039 4194 quidem
1058 4106 1156 4174 fortia
1175 4104 1256 4169 sacta
1275 4125 1293 4164 a
