2654 4658
153 304 230 394 ee'
448 364 450 370 .
498 328 635 395 mnes
654 314 922 393 mereamus.

227 502 353 567 propter
372 493 524 551 oraculum
543 513 578 551 ex
596 473 686 569 partu
704 511 722 548 a
740 488 914 568 parentibus
931 490 1106 565 expositus,
1131 511 1151 550 a
1171 508 1276 570 pastore

230 602 363 646 servatus
384 601 462 657 erat,
483 609 576 665 quum
592 593 624 649 in
643 593 767 667 patriam
785 591 915 661 rediret,
938 600 1059 665 patrem
1080 593 1217 649 ‘obvium
1234 615 1276 667 per

231 688 325 742 rixam
351 688 521 762 imprudens
552 691 675 760 occidit3
706 701 887 766 matremque
917 690 954 744 in
980 691 1145 765 conjugem
1179 696 1273 753 sumsit.

230 785 302 882 Quo
322 795 433 848 scelere
454 809 507 848 suo
526 791 646 864 cognito
665 807 696 850 se
716 789 779 863 ipss
799 790 831 844 in
845 806 972 864 poenam
985 790 1086 846 oculis
1106 791 1238 859 orbavit,
1255 805 1273 848 st

231 890 341 947 Thebis
385 891 505 966 exulem
538 888 665 945 Athenas
703 887 913 962 commigravit
953 893 999 946 De
1029 889 1093 944 hoc
1127 890 1272 964 Sophocle

231 989 603 1064 duas’tragesdiasdecit,
629 1004 755 1061 quarum
781 990 873 1044 altera
899 986 1072 1061 Oedipus
1093 997 1273 1057 tyrannus,

229 1093 332 1151 altera,
353 1109 426 1164 quas
448 1090 484 1146 de
504 1089 591 1160 hujus
609 1084 737 1141 adventu
757 1086 788 1139 in
806 1104 908 1175 agrum
924 1087 1076 1143 Golonsun
1099 1085 1176 1142 etde
1191 1097 1275 1142 morte
1306 1125 1310 1137 ,

229 1189 300 1260 egit,
320 1188 490 1262 Oedipus
511 1187 701 1251 Coloneus
719 1184 860 1259 inscripta
879 1197 931 1246 est.

156 1298 327 1372 Olympia
347 1287 409 1368 (τᾶ
441 1288 645 1363 Ολύμπια),
673 1300 736 1356 ludi
758 1300 834 1357 sacri
859 1296 1049 1377 absHercnls
1081 1296 1269 1352 inhonorem

232 1389 317 1445 Jovis
335 1385 472 1457 instituti,
494 1385 547 1459 qui
567 1391 669 1460 quinto
684 1408 802 1465 quoque
816 1391 986 1447 annocirca
997 1389 1181 1463 Olympiam,
1195 1389 1274 1444 Eleae

231 1472 366 1563 re'gionis
379 1489 495 1555 urbem,
514 1505 580 1543 cum
594 1506 703 1546 cucuma
717 1501 838 1546 sunctae
854 1488 997 1546 Graeciae
1011 1487 1215 1552 clelebritate,
1231 1504 1279 1560 per

138 1654 142 1658 b
228 1589 340 1663 ,quinos
360 1585 423 1640 dies
441 1584 634 1644 habebantur.
657 1589 707 1643 -ln
729 1589 836 1663 quibus
854 1605 915 1642 non
935 1586 1031 1640 solum
1052 1584 1200 1660 gymnicis
1219 1585 1280 1639 arti-

230 1678 297 1756 bus,
308 1695 342 1741 ut
353 1685 440 1747 saltu.
460 1702 560 1757 cursu,
573 1682 667 1756 disco,
680 1697 786 1756 caestu,
800 1685 959 1761 palaestra,
980 1683 1035 1742 ted
1051 1687 1182 1744 musicis
1197 1687 1280 1752 etism,

231 1797 265 1841 nt
282 1785 357 1855 lyra,
380 1793 476 1844 cantu,
496 1786 627 1842 carmine
646 1787 724 1843 inter
736 1802 766 1841 ss
786 1785 947 1841 certabant

80 1946 85 1955 ,
158 1888 352 1964 Origines,
372 1885 444 1941 libri
463 1885 597 1946 historici
616 1903 634 1942 a
653 1885 766 1942 (latone
785 1884 956 1960 conscripti.
975 1885 1037 1946 vid.
1059 1887 1206 1948 Porcius.

215 2012 225 2042 Ι
707 2031 740 2084 P·
782 2006 789 2013 “

159 2157 474 2236 Panathenaicus,
495 2156 589 2213 oratio
609 2152 758 2220 Isocratis,
777 2152 841 2210 vid.
862 2156 1012 2212 Isocrates.

107 2302 111 2319 ,
160 2253 325 2322 Paullus',
344 2255 413 2310 vide
433 2254 597 2311 Aemilius.‘

159 2351 305 2415 Pelias,
330 2345 445 2409 dasonis
464 2350 601 2426 patruus,
627 2371 714 2427 quem
732 2351 837 2407 Medea
855 2340 1079 2408 medicamentis
1101 2355 1243 2420 recoxit,
1259 2351 1278 2408 il

233 2459 287 2517 est,
306 2468 341 2505 ex
360 2464 428 2506 sene
447 2449 607 2524 decrepito,
618 2453 755 2522 juvenem
774 2447 914 2519 reddidit,
934 2461 967 2506 ut
980 2461 1025 2506 est
1038 2450 1210 2510 ixntabula.
1233 2455 1277 2511 Gir.

234 2550 321 2607 Ovid.
340 2550 456 2605 Metam.
476 2548 544 2605 v11.
566 2559 634 2622 297.

159 2652 312 2711 Persae,
335 2649 465 2720 populus
484 2645 568 2702 Asiae
587 2651 671 2722 regni
690 2647 862 2712 latitudine,
890 2646 1026 2727 idemque
1055 2646 1182 2708 divitiis
1203 2665 1232 2710 et
1240 2655 1275 2726 le

236 2748 322 2804 nuria
341 2748 462 2821 insignis
469 2767 479 2817 3
501 2747 580 2804 unde
599 2745 713 2819 Adiect.
971 2726 975 2732 .

159 2846 356 2917 Persicus,
376 2865 403 2910 a,
423 2867 482 2905 nm.

160 2944 378 3018 Philippus,
397 2944 459 3002 vid.
482 2944 623 3000 Marcius.
1215 3003 1219 3007 ,

161 3047 353 3109 Picenum,
377 3046 460 3118 regio
486 3045 785 3118 Italiaesuperioris,
814 3029 1028 3119 septentriones
1053 3063 1168 3104 versus
1203 3048 1275 3106 Gallis

237 3143 406 3200 Senonibus
426 3143 562 3218 adjacens
568 3161 578 3213 3
600 3141 755 3216 indeAdj.
776 3164 779 3170 ·

161 3243 333 3303 Picenus,
354 3260 381 3306 a,
401 3260 460 3309 um,
483 3239 539 3299 cfr.
560 3241 700 3302 Gallicus.

161 3341 399 3405 Pisistratus,
419 3343 611 3416 Hippocratis
628 3343 723 3409 filius,
742 3353 883 3414 tyrannus
901 3339 1103 3412 Athenarum,
1129 3346 1191 3419 qui
1208 3343 1276 3399 lits-

237 3443 384 3498 niensium
403 3443 517 3516 populo
538 3442 722 3516 eloquentia,
748 3459 806 3515 qua
825 3439 1107 3511 stimma'pollebat,
1138 3446 1201 3502 sibi
1219 3443 1278 3499 deli-

239 3540 315 3604 nito,
328 3542 512 3613 tyrannidem
528 3541 699 3613 docupavit,
719 3539 841 3608 Solone,
861 3551 998 3615 qnantum
1011 3551 1154 3612 peterat,
1177 3546 1206 3602 ei
1226 3542 1284 3599 resi·

241 3653 345 3699 stante.
383 3618 439 3695 llic
466 3650 564 3695 autem
587 3639 669 3709 vixit,
689 3639 796 3695 Servio
823 3641 923 3696 Tullio
942 3642 1052 3695 Romae
1072 3657 1244 3715 regnante,
1265 3639 1283 3695 il

240 3752 295 3807 est,
317 3739 396 3794 circa
414 3756 521 3792 annum
540 3737 630 3792 Urbis
649 3740 784 3796 conditae
806 3739 1046 3796 ducentesimum.

165 3840 272 3898 Plato
292 3836 553 3904 Atheniensis,
580 3837 688 3893 illustri
709 3846 817 3912 genere
837 3849 933 3920 ortus,
960 3837 1218 3911 philosophorum
1240 3841 1283 3892 lie·

241 3955 351 3998 marus.
385 3937 441 3991 Hic
453 3936 622 3995 adolescens
636 3933 787 3992 Socratem
800 3921 914 4017 audivit
921 3957 931 4007 3
953 3955 1011 4011 quo
1025 3946 1147 3992 mortuo
1164 3935 1286 3994 discendi

243 4053 328 4090 causa
347 4034 474 4107 primum
494 4034 525 4089 in
551 4033 714 4114 Aegyptum
741 4035 779 4091 ad
798 4036 971 4101 sacerdotes,
991 4047 1059 4109 post
1078 4036 1110 4090 in
1133 4036 1252 4094 ltaliam
1267 4044 1290 4089 et

242 4133 372 4201 Sieiliam
391 4132 559 4204 contendit,
579 4145 613 4194 ut
632 4136 809 4216 Pythagorae
831 4130 1175 4212 irrecuperatorie
1198 4139 1289 4214 ibique
