2654 4672
699 128 707 156 l

76 330 80 341 “
164 355 208 431 ot
514 303 650 416 moux
669 348 940 433 msromcus.

165 512 394 585 Simonides,
416 519 448 574 in
469 520 563 575 insula
583 517 645 574 Coc
664 528 747 572 natus
768 534 846 573 anno
866 514 930 572 fere
942 517 979 576 U.
997 511 1207 582 ducentesimo,
1224 538 1278 577 non

237 619 326 687 po'e'ta
345 617 439 671 solum
459 617 557 673 suavis
576 616 629 672 sed
649 617 737 673 etiam
754 616 949 690 philosophus
968 618 1039 678 fuit.
1067 619 1128 675 Hic
1148 620 1280 692 octoginta

236 733 344 771 novem
363 734 456 774 annos
475 716 558 782 vixit,
578 726 664 788 atque
684 716 864 788 octogesimo
884 717 986 794 acutis
1015 735 1097 775 enno
1118 730 1149 774 et
1166 721 1279 775 carmim
1307 712 1325 768 5

237 831 268 869 se
288 812 435 880 docuisse,
455 826 484 870 et
503 815 534 869 in
554 832 658 872 eorum
677 826 826 871 certamen
850 806 1036 873 descendisse
1062 818 1131 891 ipse
1150 819 1280 891 gloriatus

237 931 300 968 esse
314 913 452 969 traditur.

66 1041 79 1085 2
162 1009 290 1079 Solon,
319 1011 440 1067 Athenis
465 1011 562 1068 nobili
596 1031 705 1088 genere
731 1024 829 1083 natus,
862 1014 1030 1089 Tarquinio
1057 1014 1162 1073 Prisco
1181 1017 1281 1072 Romae

235 1124 387 1186 regnante,
407 1131 486 1169 anno
506 1113 590 1186 regni
611 1114 674 1183 ejus
691 1113 843 1170 tricesimo
862 1115 963 1178 tertio,
982 1112 1077 1171 idest
1095 1133 1121 1170 a.
1138 1115 1287 1178 UCLXX,

216 1190 315 1284 'leges
341 1212 458 1284 scripsit
484 1194 731 1284 Atheniensibus,
758 1212 895 1288 idemque
916 1216 947 1269 in
966 1233 1097 1271 numero
1113 1215 1226 1270 habitus
1245 1226 1286 1271 est

236 1321 347 1384 septem
366 1310 544 1383 sapientium
563 1312 715 1369 Graeciae.
753 1311 810 1386 Hic
833 1313 979 1370 Pisistrati
1011 1314 1192 1387 tyrannidem
1219 1332 1280 1369 ccr-

197 1460 200 1465 Δ
233 1425 306 1463 nene
325 1394 478 1477 orituram,
497 1408 577 1468 solus
597 1427 660 1465 eam
680 1407 771 1465 armis
791 1412 922 1488 opprimi
948 1412 1062 1473 debere
1091 1413 1186 1486 pelam
1208 1431 1285 1468 ausus

230 1514 276 1569 ,ost
295 1490 446 1569 dictitare,
467 1519 514 1576 et,
529 1527 626 1583 ,quum
652 1510 770 1566 studere
790 1511 947 1587 Pisistrato
964 1495 1124 1580 senatum,
1144 1529 1230 1584 seque
1249 1513 1285 1566 ni·

234 1617 280 1685 hil
296 1614 442 1698 proficere
463 1619 595 1686 vidisset,
614 1603 719 1694 positis
734 1598 807 1680 vttrite
826 1600 940 1693 curiam
959 1611 1139 1701 artesium,
1165 1615 1283 1697 πατρίς,

233 1723 347 1798 inquit,¹
367 1709 579 1803 βεβοήθηκά
608 1727 666 1778 σοι
691 1714 750 1807 stoi
775 1716 877 1809 λόγῳ
906 1715 967 1805 aqi
989 1717 1087 1805 ἔργῳ
1103 1741 1118 1803 ,·
1137 1737 1236 1800 ¹atque
1256 1726 1284 1780 ita

195 1856 198 1862 ,
232 1829 264 1886 in
288 1829 468 1905 Aegyptum,
501 1833 608 1892 deinde
630 1836 760 1910 Cyprum
779 1836 950 1913 navigavit3
983 1837 1093 1912 ibique
1115 1847 1280 1895 senectutem

231 1930 377 2005 profugus
398 1934 524 2008 peregit.
854 1998 857 2009 ¹
929 1995 933 2004 ,

158 2023 361 2109 Socrates,
373 2035 569 2108 sophronisci
589 2033 678 2101 filius,
698 2033 889 2109 Atheniensis
901 2036 985 2095 circa
1003 2055 1031 2095 a.
1044 2038 1081 2096 U,
1105 2036 1188 2092 CCC
1204 2045 1280 2101 namu

232 2135 416 2207 septuaginta
442 2134 507 2190 fere
532 2144 624 2192 anno‘s
644 2134 822 2208 complevit,
854 2134 1001 2208 vixitque
1016 2136 1132 2197 eodem
1165 2146 1284 2208 tempore

233 2249 300 2296 cum
319 2233 361 2291 Μ,
382 2235 474 2289 Furio
496 2231 630 2304 Camillo.
655 2235 747 2306 liic,
764 2233 815 2306 qui
837 2232 1042 2307 Anaxagoram
1060 2245 1284 2310 praeceptorem

231 2327 439 2402 philosophiae
459 2330 579 2394 habuit,
606 2334 720 2406 primus
746 2333 963 2407 philosophiam
991 2328 1195 2403 demonibus
1221 2337 1287 2389 inve·

232 2433 287 2492 nit,
309 2446 429 2504 eamque
444 2432 523 2487 cives
538 2451 619 2498 suos,
632 2433 811 2507 pracsertim
829 2433 964 2501 juvenes,
986 2430 1097 2490 docere
1115 2418 1227 2490 solitus
1245 2444 1288 2489 est.

233 2537 328 2617 Quam
347 2534 386 2588 ol)
407 2551 537 2600 causam,
564 2533 646 2607 quasi
666 2548 759 2586 nouas
779 2530 946 2602 religiones·
962 2532 1188 2596 introduceret,
1209 2546 1284 2606 utque

234 2631 419 2704 juventutem
438 2641 657 2709 corrumperet,
677 2648 694 2685 a
714 2628 861 2700 judicibus
881 2630 985 2703 capitis
1003 2631 1174 2698 ,damnatus
1199 2644 1243 2692 est
1257 2645 1287 2689 at·

234 2751 292 2807 que
313 2732 344 2786 in
363 2747 481 2785 carcere
496 2747 611 2785 veneno
623 2737 753 2797 necatum
775 2746 842 2783 cum
856 2741 985 2787 extremo
999 2731 1078 2801 uitae
1091 2733 1148 2793 die
1164 2753 1232 2790 cum
1248 2752 1280 2786 au·

236 2829 384 2887 ditoribus
398 2839 428 2884 et
443 2829 545 2884 amicis
557 2828 708 2902 praeclare
723 2827 760 2880 de
777 2827 1193 2889 immortalitatoonimorum
1215 2834 1284 2888 elisse-

158 2900 165 2915 ρ
236 2929 357 2986 ruisset.
395 2928 525 2983 Oraculo
549 2927 705 3000 Apollinis.
724 2927 957 3002 sapientissimus
986 2931 1122 2998 omnium
1152 2932 1288 3004 judicatus

237 3051 280 3099 est
297 3040 449 3108 Socrates,
466 3049 499 3094 ut
519 3048 564 3096 est
583 3038 662 3114 apud
683 3036 769 3098 suto
789 3037 820 3093 in
841 3034 937 3121 Σοφ.
998 3090 1002 3101 ,

160 3197 195 3213 ,,
261 3136 385 3224 Σοφὸς
404 3125 614 3224 Σοφοκλῇς·
640 3133 839 3224 σοφώτερος
865 3124 1109 3222 δἘὕριπίδῃς·

262 3229 412 3322 ἀνδρῶν
436 3227 473 3307 δὲ
497 3231 640 3300 πάντων
665 3231 869 3320 Σωκράτης
895 3232 1116 3324 σοφώτατος.

166 3359 387 3434 Sophocles,
408 3356 524 3431 Sophili
555 3355 645 3423 filius,
665 3353 855 3411 Atheniensis
882 3371 916 3409 ex
935 3354 1019 3410 tribu
1039 3354 1190 3426 Colonea,
1204 3354 1282 3430 prin·

239 3477 307 3534 ceps
326 3457 385 3513 fuit
404 3459 560 3530 poetarum
577 3456 771 3543 tragicorum.
798 3455 864 3516 Hic,
884 3451 937 3528 qui
954 3469 1046 3510 annos
1062 3456 1153 3514 XVII
1172 3457 1286 3513 Socrate

226 3556 341 3615 'senior
365 3568 445 3624 erat,
487 3551 624 3632 idemque
648 3554 787 3630 Euripidi
814 3560 1093 3627 contemporaneus,
1138 3573 1233 3630 usque
1258 3553 1290 3609 ad

240 3674 379 3716 summam
398 3665 577 3722 senectutem
591 3653 757 3728 tragoedias
777 3652 861 3716 fecit,
879 3648 1064 3725 traditurque
1074 3662 1122 3708 --e'x
1133 3655 1289 3733 ‚insperato

241 3757 350 3838 gaudio
370 3756 410 3813 ob
429 3753 586 3812 victoriam
605 3746 641 3810 ei
657 3751 810 3829 tragoedia
823 3748 949 3828 quedam
966 3730 1091 3831 'repente
1112 3755 1240 3830 obiisse.

169 3853 351 3970 Spurius,¹
375 3882 444 3941 ride
463 3879 663 3975 Posthumius.

169 4008 313 4068 Statius
333 4005 532 4064 Caecilius
552 3984 772 4063 comoediarum
793 4001 932 4077 scriptor,
951 3999 988 4058 de
1009 4020 1068 4078 quo
1087 4002 1250 4077 Dedigims
1267 4002 1294 4058 in

179 4150 199 4163 -.
241 4105 322 4166 libro
341 4104 494 4180 depastis
515 4123 561 4180 ap.
582 4104 659 4162 Geli.
679 4105 715 4163 N·
736 4101 772 4165 A.
796 4104 860 4160 XV·
882 4111 944 4163 242.
978 4142 983 4157 .

382 4204 500 4263 Caecilio
518 4205 646 4280 palmam
661 4214 757 4282 statuo
768 4205 810 4263 ,da
827 4204 946 4271 eunuco..
979 4244 996 4291 ,ι
1015 4256 1031 4267 ,,
