2654 4658
350 366 913 469 ¹1msmsncro'mcaretur.
1001 390 1003 395 ·
1051 415 1053 419 ,
1112 346 1119 361 ⁸
1165 354 1207 430 ts
1290 394 1293 401 -

88 531 178 600 uitur
198 520 283 600 sallo
304 521 483 598 aristarum.
526 532 614 634 Quid
637 554 698 617 ego
721 521 835 597 vitium
853 523 955 607 satus,
976 545 1084 606 ortus,
1104 526 1255 600 incre-'52

88 655 199 705 monta
219 641 494 706 commemorem?
537 640 652 706 Satiari
674 638 889 703 delectatione
910 659 977 701 non
998 658 1146 722 possum,
1178 651 1214 700 ut

43 728 56 735 ’
84 770 184 812 meac
221 749 397 813 senectutis
436 748 617 834 requietem
653 748 949 830 oblectamentaque
998 744 1212 830 pernoscatis·

89 857 218 924 Omitto
241 857 326 919 enim
345 858 411 920 vim
432 857 535 940 ipsam
557 855 713 928 omnium,
746 873 827 936 quae
849 868 1045 935 generantur
1066 874 1084 914 e
1103 865 1241 945 terras!

91 984 176 1050 quae
196 984 236 1026 ex
253 962 448 1026 licitantulo
470 984 581 1047 grano,
604 976 658 1023 aut
680 981 721 1022 ex
741 959 834 1023 acino
855 961 1001 1038 vinaceo,
1024 976 1077 1024 aut
1096 974 1138 1023 ex
1158 980 1211 1023 ce-

90 1084 233 1134 terarum
253 1069 383 1154 frugum
411 1091 448 1133 ac
477 1070 628 1152 stirpium
652 1068 873 1129 minutissimis
904 1068 1079 1128 seminibus
1105 1082 1210 1131 tantos

89 1191 223 1244 truncos
240 1197 413 1261 ramosque
428 1191 591 1258 procreat.
634 1174 951 1259 Malleoliplantae,
972 1190 1138 1250 sarmenta,
1160 1175 1208 1237 ri-

87 1284 271 1361 viradices,
293 1284 511 1367 propagines,
532 1303 643 1345 nonno
664 1303 701 1344 ea
724 1281 883 1356 efficiunt,
915 1295 951 1343 ut
972 1282 1117 1366 quemvis
1139 1278 1211 1343 cum

88 1388 302 1453 admiratione
322 1389 505 1452 delectent?
536 1390 635 1458 ¹Vitis
659 1391 806 1474 quidem,
843 1407 924 1473 quae
953 1385 1066 1449 natura
1092 1386 1209 1449 caduca

88 1513 149 1571 est,
172 1512 213 1574 etp
236 1497 300 1560 nisi
318 1497 400 1560 fulta
422 1498 475 1572 sit,
496 1495 537 1558 ad
554 1510 674 1559 terram
694 1495 811 1572 fertur,
833 1493 964 1569 eadem,
982 1507 1018 1556 ut
1038 1498 1078 1555 se*
1096 1494 1212 1577 erigat,

83 1604 257 1669 *claviculis
280 1604 358 1679 suis,
382 1605 472 1690 'quasi
490 1602 647 1678 manibus,
671 1602 830 1690 quidquid
852 1618 902 1666 est
922 1616 1023 1676 necta,
1046 1603 1209 1685 complecss

88 1709 189 1775 titur:
217 1732 325 1795 quam,
355 1726 539 1796 serpentem
565 1711 737 1794 multiplici
758 1701 851 1795 lapsu
873 1724 907 1772 et
927 1708 1084 1784 erratico,
1106 1699 1213 1773 ‘ferro

90 1831 256 1902 amputans
278 1823 408 1882 coe'rcet
428 1841 480 1881 ars
502 1802 732 1903 agricolarum,
752 1839 795 1880 ne
817 1819 968 1882 silvescat
990 1816 1158 1879 sarmentis
1181 1830 1214 1900 pt

90 1925 128 1987 in
149 1945 259 1987 omnes
280 1939 390 2009 partes
408 1926 506 1988 nimia
526 1926 692 1991 fundatur.
733 1925 842 2012 ltaque
854 1926 985 1988 ineunte
1004 1944 1083 1987 rere
1102 1920 1137 1986 iia
1159 1924 1255 2000 itast

90 2052 172 2116 quae
190 2032 305 2094 relicta
325 2045 414 2107 sunt,
445 2020 589 2109 exsistit,
622 2048 782 2118 tamquam
803 2031 846 2093 ad
862 2033 1017 2100 articulos
1040 2046 1214 2095 sarmento-

89 2160 174 2214 rum,
196 2158 251 2215 ea,
273 2159 354 2225 quae
373 2160 497 2224 gemma
519 2141 653 2222 diuitum
676 2162 776 2225 aqua
799 2140 909 2219 oriens
928 2159 990 2203 uva
1010 2160 1084 2201 sese
1106 2154 1214 2203 osten·
1239 2153 1241 2159 ’

90 2244 173 2307 dit·¹
197 2265 278 2330 quae
300 2259 333 2320 et
361 2267 456 2309 succo
484 2262 607 2326 terrae,
650 2265 684 2313 et
709 2252 816 2312 calore
846 2249 924 2311 solis
942 2228 1123 2332 augescens
1143 2247 1212 2332 pri-

91 2375 146 2415 mo
169 2368 220 2416 est
240 2354 417 2435 peracerba
438 2371 581 2439 gustatu,
605 2356 724 2418 deinde
747 2372 898 2420 maturata
920 2356 1094 2451 dulcescit3
1116 2354 1213 2418 vesti

89 2476 186 2545 taque
205 2450 375 2543 pampinis,
394 2484 457 2526 nec
468 2464 596 2528 modico
617 2480 733 2546 tepore
752 2479 850 2540 caret,
874 2479 907 2526 ct
920 2463 1037 2526 nimios
1057 2463 1137 2525 solis
1157 2462 1213 2524 dc-

88 2568 195 2633 fendit
220 2570 371 2636 ardores
414 2572 486 2667 Qua
517 2573 595 2678 quid
622 2585 728 2656 potest
757 2591 828 2633 esse
861 2592 934 2660 cum
954 2572 1063 2633 fructu
1082 2569 1208 2645 laetius,

87 2692 156 2742 tum
174 2676 328 2762 adspectu
352 2655 543 2763 pulcrius?
564 2679 662 2743 Cuius
696 2677 845 2763 quidem
850 2699 917 2742 non
943 2670 1064 2765 utilitas
1084 2697 1137 2741 ma
1156 2698 1210 2742 so·

395 2868 399 2876 a

129 2959 176 3013 52.
214 2952 488 3028 oblectamentumque
510 2957 566 3014 Ed.
589 2956 681 3013 Orell.
706 2951 751 3012 R:
768 2958 802 3017 Ε.
828 2959 860 3016 b,
887 2959 997 3016 etalii.
1017 2989 1056 3004 -
1092 2955 1210 3013 noscatis

181 3050 236 3106 Ed.
258 3052 353 3136 Orell.
368 3083 404 3098 -
423 3060 531 3112 tantillo
550 3061 582 3115 L.
602 3059 634 3114 P.
654 3083 692 3101 -
711 3060 785 3117 vites.
806 3059 910 3111 radices
923 3059 958 3112 R.
971 3060 1004 3113 E·
1025 3056 1058 3115 b.
1078 3073 1109 3114 v.
1127 3072 1212 3108 ιιι.-

124 3167 150 3241 §.
168 3173 215 3228 52·
254 3169 388 3240 malleoli]
418 3171 447 3228 h.
466 3189 494 3229 e·
520 3176 630 3254 surculi
667 3176 722 3228 duo
739 3185 802 3228 sunt
819 3193 930 3246 genero,
949 3175 1086 3240 malleoli,
1104 3172 1148 3225 vel
1163 3174 1211 3226 vi·
1265 3153 1267 3156 Α

82 3280 212 3346 propter
229 3269 328 3357 mellei
352 3272 481 3345 speciem
499 3275 628 3337 malleoli
667 3277 863 3336 virudicis5
895 3275 968 3344 quod
997 3284 1144 3346 utrumque
1171 3273 1208 3327 ab

83 3369 175 3439 dictu
208 3367 245 3426 dc
270 3387 330 3444 quo
354 3371 429 3427 Ptin
456 3372 550 3430 XVII
577 3389 627 3438 21:
667 3376 796 3445 agricolis
816 3384 983 3444 usurpatur,
1004 3384 1029 3427 et
1047 3377 1077 3427 in
1095 3377 1209 3445 provin·

82 3471 226 3536 surculus,
258 3473 396 3544 utrimque
423 3477 627 3568 capitulatum
667 3477 714 3528 ciis
738 3476 827 3546 magis
852 3474 983 3528 malleoli.
1019 3477 1114 3547 Neque
1137 3477 1210 3528 enim

83 3571 160 3624 duro
177 3570 230 3622 seri
254 3573 407 3638 consuevit,
440 3593 524 3648 eoque
542 3597 625 3649 argu·
662 3578 815 3629 seminariis
835 3577 958 3646 student,
988 3595 1035 3629 nec
1061 3595 1141 3628 usum
1157 3576 1207 3629 ltu·

81 3677 178 3724 mento
214 3669 402 3726 malleolus
438 3677 521 3730 etiam
552 3698 624 3731 nunc
662 3676 724 3728 beot
744 3677 893 3746 faciendae
917 3662 1150 3739 viviradicis5
1180 3684 1210 3732 st

78 3778 213 3826 vocatur.
662 3777 967 3836 Ptin.XV11.rr=1n
986 3777 1066 3829 arido
1083 3778 1142 3860 solo
1160 3775 1208 3826 ui·

121 3853 297 3939 viviradices]
316 3881 382 3926 sunt
399 3874 534 3948 plantae,
553 3896 628 3952 quae
664 3877 812 3929 virudiae
831 3896 937 3950 quoque
949 3879 1062 3947 falstra
1078 3853 1189 3931 seritur

79 3971 184 4030 vivan
201 3965 332 4028 radicem
350 3972 468 4042 habent,
489 3975 528 4032 ad
546 3973 630 4034 diffc·
704 3974 729 4044 §·
750 3985 795 4038 55
831 3977 927 4031 taeitos
940 4006 978 4020 -
995 3969 1128 4047 pulfflul]
1147 3987 1206 4027 ¹¹ss

80 4070 213 4128 rentiam
248 4065 488 4130 malleolorum
521 4075 631 4133 Confer
667 4076 750 4140 loeta,
769 4073 1059 4152 quaespccionitida
1073 4081 1124 4139 cst,
1143 4070 1205 4145 pul»

86 4169 205 4228 Colum.
229 4169 283 4234 lv.
307 4181 357 4238 14:
391 4175 512 4233 Sationis
540 4188 631 4232 ciuem
663 4185 736 4244 eru,
757 4194 832 4253 quac
851 4173 978 4252 turgida.
1098 4157 1102 4162 ι
1134 4199 1137 4226 ι
