<?xml version="1.0" encoding="UTF-8"?>
<!DOCTYPE html PUBLIC "-//W3C//DTD XHTML 1.0 Transitional//EN"
    "http://www.w3.org/TR/xhtml1/DTD/xhtml1-transitional.dtd">
<html xmlns="http://www.w3.org/1999/xhtml" xml:lang="en" lang="en">
 <head>
  <title>
</title>
<meta http-equiv="Content-Type" content="text/html;charset=utf-8" />
  <meta name='ocr-system' content='tesseract 3.04.00' />
  <meta name='ocr-capabilities' content='ocr_page ocr_carea ocr_par ocr_line ocrx_word'/>
</head>
<body>
  <div class='ocr_page' id='page_1' title='image "./mtulliiciceroni16cicegoog_0106.png"; bbox 0 0 2654 4672; ppageno 0'>
   <div class='ocr_carea' id='block_1_1' title="bbox 409 325 1179 456">
    <p class='ocr_par' dir='ltr' id='par_1_1' title="bbox 409 325 1179 456">
     <span class='ocr_line' id='line_1_1' title="bbox 409 325 1179 456; baseline -0.006 -33"><span class='ocrx_word' id='word_1_1' title='bbox 409 354 545 422; x_wconf 74' lang='lat' dir='ltr'>rapax</span> <span class='ocrx_word' id='word_1_2' title='bbox 565 352 834 456; x_wconf 77' lang='lat' dir='ltr'>sarsroamus.</span> <span class='ocrx_word' id='word_1_3' title='bbox 883 384 885 390; x_wconf 34' lang='lat' dir='ltr'><em>s</em></span> <span class='ocrx_word' id='word_1_4' title='bbox 1138 325 1179 430; x_wconf 80' lang='lat' dir='ltr'>o&#39;s</span> 
     </span>
    </p>
   </div>
   <div class='ocr_carea' id='block_1_2' title="bbox 10 517 1211 1706">
    <p class='ocr_par' dir='ltr' id='par_1_2' title="bbox 10 517 1211 1706">
     <span class='ocr_line' id='line_1_2' title="bbox 23 517 1181 599; baseline -0.006 -17"><span class='ocrx_word' id='word_1_5' title='bbox 23 518 64 599; x_wconf 62' lang='lat'>-⁴,&#39;</span> <span class='ocrx_word' id='word_1_6' title='bbox 128 522 184 582; x_wconf 86' lang='lat' dir='ltr'>Hic</span> <span class='ocrx_word' id='word_1_7' title='bbox 204 524 362 583; x_wconf 76' lang='lat' dir='ltr'><strong>Menandri</strong></span> <span class='ocrx_word' id='word_1_8' title='bbox 382 523 498 581; x_wconf 78' lang='lat' dir='ltr'>fabulas</span> <span class='ocrx_word' id='word_1_9' title='bbox 517 523 655 590; x_wconf 85' lang='lat' dir='ltr'>imitatus,</span> <span class='ocrx_word' id='word_1_10' title='bbox 675 540 710 577; x_wconf 83' lang='lat' dir='ltr'>ex</span> <span class='ocrx_word' id='word_1_11' title='bbox 729 521 766 576; x_wconf 90' lang='lat' dir='ltr'>iis</span> <span class='ocrx_word' id='word_1_12' title='bbox 786 521 876 576; x_wconf 88' lang='lat' dir='ltr'>multa</span> <span class='ocrx_word' id='word_1_13' title='bbox 897 517 928 572; x_wconf 89' lang='lat' dir='ltr'>in</span> <span class='ocrx_word' id='word_1_14' title='bbox 948 534 1013 573; x_wconf 80' lang='lat' dir='ltr'>suas</span> <span class='ocrx_word' id='word_1_15' title='bbox 1033 518 1181 575; x_wconf 80' lang='lat' dir='ltr'>transtulit</span> 
     </span>
     <span class='ocr_line' id='line_1_3' title="bbox 10 588 926 707; baseline -0.01 -25"><span class='ocrx_word' id='word_1_16' title='bbox 10 588 58 707; x_wconf 52' lang='grc' dir='ltr'>δ’</span> <span class='ocrx_word' id='word_1_17' title='bbox 132 637 162 681; x_wconf 79' lang='lat' dir='ltr'>et</span> <span class='ocrx_word' id='word_1_18' title='bbox 180 645 236 699; x_wconf 92' lang='lat' dir='ltr'>pro</span> <span class='ocrx_word' id='word_1_19' title='bbox 257 627 317 680; x_wconf 87' lang='lat' dir='ltr'>suis</span> <span class='ocrx_word' id='word_1_20' title='bbox 337 642 407 679; x_wconf 86' lang='lat' dir='ltr'>usus</span> <span class='ocrx_word' id='word_1_21' title='bbox 426 633 486 686; x_wconf 88' lang='lat' dir='ltr'>est,</span> <span class='ocrx_word' id='word_1_22' title='bbox 506 635 539 680; x_wconf 93' lang='lat' dir='ltr'>ut</span> <span class='ocrx_word' id='word_1_23' title='bbox 559 625 605 677; x_wconf 89' lang='lat' dir='ltr'>in</span> <span class='ocrx_word' id='word_1_24' title='bbox 603 622 705 677; x_wconf 86' lang='lat' dir='ltr'>Plotio</span> <span class='ocrx_word' id='word_1_25' title='bbox 726 633 756 677; x_wconf 90' lang='lat' dir='ltr'>et</span> <span class='ocrx_word' id='word_1_26' title='bbox 773 620 926 694; x_wconf 85' lang='lat' dir='ltr'>Epiclero.</span> 
     </span>
     <span class='ocr_line' id='line_1_4' title="bbox 10 712 1211 798; baseline -0.016 -13"><span class='ocrx_word' id='word_1_27' title='bbox 10 712 303 785; x_wconf 50' lang='lat' dir='ltr'>&amp;stesichorus</span> <span class='ocrx_word' id='word_1_28' title='bbox 324 724 517 787; x_wconf 83' lang='lat' dir='ltr'>Himereusis,</span> <span class='ocrx_word' id='word_1_29' title='bbox 536 727 624 798; x_wconf 74' lang='grc' dir='ltr'><strong>Ροὸῑει</strong></span> <span class='ocrx_word' id='word_1_30' title='bbox 643 722 752 792; x_wconf 82' lang='lat' dir='ltr'>lyricus</span> <span class='ocrx_word' id='word_1_31' title='bbox 771 717 996 779; x_wconf 86' lang='lat' dir='ltr'>laudatissimus,</span> <span class='ocrx_word' id='word_1_32' title='bbox 1013 732 1094 773; x_wconf 83' lang='lat' dir='ltr'>anno</span> <span class='ocrx_word' id='word_1_33' title='bbox 1115 713 1211 788; x_wconf 37' lang='lat' dir='ltr'>seres„</span> 
     </span>
     <span class='ocr_line' id='line_1_5' title="bbox 10 817 958 891; baseline -0.007 -13"><span class='ocrx_word' id='word_1_34' title='bbox 10 834 54 885; x_wconf 67' lang='grc' dir='ltr'>;;·ς</span> <span class='ocrx_word' id='word_1_35' title='bbox 131 822 346 880; x_wconf 87' lang='lat' dir='ltr'>centesimoU.</span> <span class='ocrx_word' id='word_1_36' title='bbox 369 841 392 879; x_wconf 88' lang='lat' dir='ltr'>e.</span> <span class='ocrx_word' id='word_1_37' title='bbox 413 834 497 878; x_wconf 86' lang='lat' dir='ltr'>natus</span> <span class='ocrx_word' id='word_1_38' title='bbox 518 834 570 889; x_wconf 88' lang='lat' dir='ltr'>est,</span> <span class='ocrx_word' id='word_1_39' title='bbox 589 832 723 876; x_wconf 88' lang='lat' dir='ltr'>mortuus</span> <span class='ocrx_word' id='word_1_40' title='bbox 744 817 958 891; x_wconf 78' lang='lat' dir='ltr'>octogenarius</span> 
     </span>
     <span class='ocr_line' id='line_1_6' title="bbox 36 875 1182 994; baseline -0.01 -14.844"><span class='ocrx_word' id='word_1_41' title='bbox 36 922 310 994; x_wconf 86' lang='lat' dir='ltr'>SulpiciusC.</span> <span class='ocrx_word' id='word_1_42' title='bbox 327 920 471 986; x_wconf 84' lang='lat' dir='ltr'>Gallus,</span> <span class='ocrx_word' id='word_1_43' title='bbox 492 923 595 976; x_wconf 82' lang='lat' dir='ltr'>Paullo</span> <span class='ocrx_word' id='word_1_44' title='bbox 616 906 733 976; x_wconf 84' lang='lat' dir='ltr'><strong>Maced.</strong></span> <span class='ocrx_word' id='word_1_45' title='bbox 751 917 893 992; x_wconf 82' lang='lat' dir='ltr'>aequalis,</span> <span class='ocrx_word' id='word_1_46' title='bbox 912 915 1072 990; x_wconf 86' lang='lat' dir='ltr'>plurimum</span> <span class='ocrx_word' id='word_1_47' title='bbox 1089 875 1182 969; x_wconf 83' lang='lat' dir='ltr'>valuit</span> 
     </span>
     <span class='ocr_line' id='line_1_7' title="bbox 10 1014 1179 1096; baseline -0.015 -13"><span class='ocrx_word' id='word_1_48' title='bbox 10 1048 41 1083; x_wconf 76' lang='lat' dir='ltr'>t</span> <span class='ocrx_word' id='word_1_49' title='bbox 131 1027 162 1079; x_wconf 92' lang='lat' dir='ltr'>in</span> <span class='ocrx_word' id='word_1_50' title='bbox 181 1022 356 1095; x_wconf 78' lang='lat' dir='ltr'>astrologia3</span> <span class='ocrx_word' id='word_1_51' title='bbox 384 1021 421 1079; x_wconf 87' lang='lat' dir='ltr'>de</span> <span class='ocrx_word' id='word_1_52' title='bbox 442 1039 501 1096; x_wconf 85' lang='lat' dir='ltr'>quo</span> <span class='ocrx_word' id='word_1_53' title='bbox 518 1019 583 1078; x_wconf 86' lang='lat' dir='ltr'>Liv.</span> <span class='ocrx_word' id='word_1_54' title='bbox 604 1019 705 1074; x_wconf 80' lang='lat' dir='ltr'>XLIV.</span> <span class='ocrx_word' id='word_1_55' title='bbox 731 1029 783 1080; x_wconf 67' lang='grc' dir='ltr'>ὅτι</span> <span class='ocrx_word' id='word_1_56' title='bbox 819 1019 924 1071; x_wconf 79' lang='lat' dir='ltr'>Castris</span> <span class='ocrx_word' id='word_1_57' title='bbox 948 1016 1124 1085; x_wconf 81' lang='lat' dir='ltr'>permunitis,</span> <span class='ocrx_word' id='word_1_58' title='bbox 1146 1014 1179 1066; x_wconf 85' lang='lat' dir='ltr'><strong><em>C</em></strong></span> 
     </span>
     <span class='ocr_line' id='line_1_8' title="bbox 126 1118 1182 1192; baseline -0.01 -17.188"><span class='ocrx_word' id='word_1_59' title='bbox 126 1124 264 1192; x_wconf 72' lang='lat' dir='ltr'>Sulpicius</span> <span class='ocrx_word' id='word_1_60' title='bbox 287 1123 398 1188; x_wconf 73' lang='lat' dir='ltr'>Gallus,</span> <span class='ocrx_word' id='word_1_61' title='bbox 420 1120 543 1172; x_wconf 82' lang='lat' dir='ltr'>tribunus</span> <span class='ocrx_word' id='word_1_62' title='bbox 563 1122 682 1172; x_wconf 86' lang='lat' dir='ltr'>militum</span> <span class='ocrx_word' id='word_1_63' title='bbox 701 1120 835 1172; x_wconf 79' lang='lat' dir='ltr'>secundae</span> <span class='ocrx_word' id='word_1_64' title='bbox 854 1120 979 1189; x_wconf 76' lang='lat' dir='ltr'>legionis,</span> <span class='ocrx_word' id='word_1_65' title='bbox 1000 1118 1048 1187; x_wconf 78' lang='lat' dir='ltr'>qui</span> <span class='ocrx_word' id='word_1_66' title='bbox 1068 1124 1182 1183; x_wconf 85' lang='lat' dir='ltr'>praetor</span> 
     </span>
     <span class='ocr_line' id='line_1_9' title="bbox 127 1214 1180 1293; baseline -0.009 -18"><span class='ocrx_word' id='word_1_67' title='bbox 127 1225 266 1293; x_wconf 75' lang='lat' dir='ltr'>superiore</span> <span class='ocrx_word' id='word_1_68' title='bbox 286 1238 360 1274; x_wconf 83' lang='lat' dir='ltr'>anno</span> <span class='ocrx_word' id='word_1_69' title='bbox 375 1224 492 1293; x_wconf 73' lang='lat' dir='ltr'>suerat,</span> <span class='ocrx_word' id='word_1_70' title='bbox 517 1223 638 1274; x_wconf 81' lang='lat' dir='ltr'>consulis</span> <span class='ocrx_word' id='word_1_71' title='bbox 657 1224 790 1290; x_wconf 79' lang='lat' dir='ltr'>permissu</span> <span class='ocrx_word' id='word_1_72' title='bbox 809 1220 847 1272; x_wconf 78' lang='lat' dir='ltr'>ed</span> <span class='ocrx_word' id='word_1_73' title='bbox 875 1221 1029 1272; x_wconf 78' lang='lat' dir='ltr'>concionem</span> <span class='ocrx_word' id='word_1_74' title='bbox 1047 1214 1180 1267; x_wconf 80' lang='lat' dir='ltr'>militibus</span> 
     </span>
     <span class='ocr_line' id='line_1_10' title="bbox 10 1298 1180 1391; baseline -0.01 -13"><span class='ocrx_word' id='word_1_75' title='bbox 10 1298 39 1309; x_wconf 55' lang='lat'>—</span> <span class='ocrx_word' id='word_1_76' title='bbox 122 1326 228 1377; x_wconf 79' lang='lat' dir='ltr'>uocatis</span> <span class='ocrx_word' id='word_1_77' title='bbox 247 1323 449 1390; x_wconf 76' lang='lat' dir='ltr'>pronuntiavit,</span> <span class='ocrx_word' id='word_1_78' title='bbox 469 1333 545 1374; x_wconf 84' lang='lat' dir='ltr'>nocte</span> <span class='ocrx_word' id='word_1_79' title='bbox 562 1325 711 1391; x_wconf 80' lang='lat' dir='ltr'>proximo,</span> <span class='ocrx_word' id='word_1_80' title='bbox 736 1339 771 1372; x_wconf 78' lang='lat' dir='ltr'>ne</span> <span class='ocrx_word' id='word_1_81' title='bbox 790 1322 849 1390; x_wconf 82' lang='lat' dir='ltr'>quis</span> <span class='ocrx_word' id='word_1_82' title='bbox 868 1320 897 1371; x_wconf 83' lang='lat' dir='ltr'>id</span> <span class='ocrx_word' id='word_1_83' title='bbox 914 1336 969 1388; x_wconf 64' lang='lat' dir='ltr'>,pro</span> <span class='ocrx_word' id='word_1_84' title='bbox 988 1326 1114 1387; x_wconf 85' lang='lat' dir='ltr'>portento</span> <span class='ocrx_word' id='word_1_85' title='bbox 1135 1334 1180 1366; x_wconf 81' lang='lat' dir='ltr'>oc·</span> 
     </span>
     <span class='ocr_line' id='line_1_11' title="bbox 128 1418 1181 1495; baseline -0.007 -21"><span class='ocrx_word' id='word_1_86' title='bbox 128 1426 247 1492; x_wconf 80' lang='lat' dir='ltr'>ciperet,</span> <span class='ocrx_word' id='word_1_87' title='bbox 275 1421 310 1474; x_wconf 83' lang='lat' dir='ltr'>ob</span> <span class='ocrx_word' id='word_1_88' title='bbox 329 1422 536 1475; x_wconf 63' lang='lat' dir='ltr'>herciscunda</span> <span class='ocrx_word' id='word_1_89' title='bbox 555 1441 640 1493; x_wconf 74' lang='lat' dir='ltr'>resque</span> <span class='ocrx_word' id='word_1_90' title='bbox 659 1423 696 1474; x_wconf 84' lang='lat' dir='ltr'>od</span> <span class='ocrx_word' id='word_1_91' title='bbox 714 1431 846 1493; x_wconf 84' lang='lat' dir='ltr'>quartam</span> <span class='ocrx_word' id='word_1_92' title='bbox 864 1421 962 1472; x_wconf 81' lang='lat' dir='ltr'>horam</span> <span class='ocrx_word' id='word_1_93' title='bbox 981 1419 1065 1495; x_wconf 81' lang='lat' dir='ltr'>noctis</span> <span class='ocrx_word' id='word_1_94' title='bbox 1083 1418 1181 1468; x_wconf 81' lang='lat' dir='ltr'>lunam</span> 
     </span>
     <span class='ocr_line' id='line_1_12' title="bbox 10 1510 1180 1596; baseline 0 -19"><span class='ocrx_word' id='word_1_95' title='bbox 10 1549 25 1583; x_wconf 78' lang='lat' dir='ltr'>t.</span> <span class='ocrx_word' id='word_1_96' title='bbox 126 1510 296 1596; x_wconf 68' lang='lat' dir='ltr'>dejecirtram</span> <span class='ocrx_word' id='word_1_97' title='bbox 317 1540 379 1578; x_wconf 82' lang='lat' dir='ltr'>esse.</span> <span class='ocrx_word' id='word_1_98' title='bbox 401 1521 465 1581; x_wconf 80' lang='lat' dir='ltr'>cfr.</span> <span class='ocrx_word' id='word_1_99' title='bbox 485 1522 572 1578; x_wconf 78' lang='lat' dir='ltr'>etiam</span> <span class='ocrx_word' id='word_1_100' title='bbox 592 1522 653 1578; x_wconf 82' lang='lat' dir='ltr'>Cic.</span> <span class='ocrx_word' id='word_1_101' title='bbox 674 1521 768 1578; x_wconf 73' lang='lat' dir='ltr'>Offll.</span> <span class='ocrx_word' id='word_1_102' title='bbox 789 1519 816 1580; x_wconf 70' lang='grc' dir='ltr'>ὁ.</span> <span class='ocrx_word' id='word_1_103' title='bbox 837 1532 866 1577; x_wconf 77' lang='lat' dir='ltr'>et</span> <span class='ocrx_word' id='word_1_104' title='bbox 885 1520 921 1576; x_wconf 86' lang='lat' dir='ltr'>dc</span> <span class='ocrx_word' id='word_1_105' title='bbox 942 1519 1050 1592; x_wconf 79' lang='lat' dir='ltr'>Rep.1.</span> <span class='ocrx_word' id='word_1_106' title='bbox 1071 1524 1114 1577; x_wconf 65' lang='lat' dir='ltr'>tal·</span> <span class='ocrx_word' id='word_1_107' title='bbox 1139 1523 1180 1577; x_wconf 79' lang='lat'>15·</span> 
     </span>
     <span class='ocr_line' id='line_1_13' title="bbox 10 1618 577 1706; baseline -0.012 -24"><span class='ocrx_word' id='word_1_108' title='bbox 10 1656 36 1698; x_wconf 60' lang='grc' dir='ltr'>ι</span> <span class='ocrx_word' id='word_1_109' title='bbox 52 1622 286 1696; x_wconf 83' lang='lat' dir='ltr'>Synephebi,</span> <span class='ocrx_word' id='word_1_110' title='bbox 305 1621 393 1678; x_wconf 83' lang='lat' dir='ltr'>Statii</span> <span class='ocrx_word' id='word_1_111' title='bbox 412 1618 525 1677; x_wconf 85' lang='lat' dir='ltr'>fabula.</span> <span class='ocrx_word' id='word_1_112' title='bbox 568 1689 577 1706; x_wconf 70' lang='lat'>,</span> 
     </span>
    </p>
   </div>
   <div class='ocr_carea' id='block_1_3' title="bbox 10 1827 714 1918">
    <p class='ocr_par' dir='ltr' id='par_1_3' title="bbox 10 1827 714 1918">
     <span class='ocr_line' id='line_1_14' title="bbox 10 1827 714 1918; baseline -0.006 0"><span class='ocrx_word' id='word_1_113' title='bbox 10 1876 38 1918; x_wconf 79' lang='grc' dir='ltr'>Ι</span> <span class='ocrx_word' id='word_1_114' title='bbox 594 1827 714 1888; x_wconf 66' lang='grc' dir='ltr'>Τ”</span> 
     </span>
    </p>
   </div>
   <div class='ocr_carea' id='block_1_4' title="bbox 10 1998 1182 2673">
    <p class='ocr_par' dir='ltr' id='par_1_4' title="bbox 50 1998 1182 2179">
     <span class='ocr_line' id='line_1_15' title="bbox 50 1998 1182 2079; baseline -0.006 -17"><span class='ocrx_word' id='word_1_115' title='bbox 50 2006 266 2070; x_wconf 86' lang='lat' dir='ltr'>Tarentum,</span> <span class='ocrx_word' id='word_1_116' title='bbox 293 2000 417 2079; x_wconf 81' lang='lat' dir='ltr'>Magnae</span> <span class='ocrx_word' id='word_1_117' title='bbox 444 1998 587 2061; x_wconf 79' lang='lat' dir='ltr'>Graeciae</span> <span class='ocrx_word' id='word_1_118' title='bbox 606 2001 678 2057; x_wconf 84' lang='lat' dir='ltr'>urbs</span> <span class='ocrx_word' id='word_1_119' title='bbox 705 1998 867 2058; x_wconf 82' lang='lat' dir='ltr'>clarissima</span> <span class='ocrx_word' id='word_1_120' title='bbox 886 2000 918 2057; x_wconf 92' lang='lat' dir='ltr'>in</span> <span class='ocrx_word' id='word_1_121' title='bbox 937 2001 1041 2059; x_wconf 85' lang='lat' dir='ltr'>intimo</span> <span class='ocrx_word' id='word_1_122' title='bbox 1064 2015 1182 2056; x_wconf 82' lang='lat' dir='ltr'>recessu</span> 
     </span>
     <span class='ocr_line' id='line_1_16' title="bbox 122 2099 743 2179; baseline -0.005 -21"><span class='ocrx_word' id='word_1_123' title='bbox 122 2099 215 2165; x_wconf 85' lang='lat' dir='ltr'>sinus,</span> <span class='ocrx_word' id='word_1_124' title='bbox 237 2105 289 2179; x_wconf 87' lang='lat' dir='ltr'>qui</span> <span class='ocrx_word' id='word_1_125' title='bbox 309 2103 347 2158; x_wconf 85' lang='lat' dir='ltr'>ab</span> <span class='ocrx_word' id='word_1_126' title='bbox 368 2121 404 2159; x_wconf 87' lang='lat' dir='ltr'>ea</span> <span class='ocrx_word' id='word_1_127' title='bbox 425 2103 537 2158; x_wconf 84' lang='lat' dir='ltr'>dicitur</span> <span class='ocrx_word' id='word_1_128' title='bbox 557 2101 743 2159; x_wconf 86' lang='lat' dir='ltr'>Tarentinus.</span> 
     </span>
    </p>

    <p class='ocr_par' dir='ltr' id='par_1_5' title="bbox 10 2173 1182 2277">
     <span class='ocr_line' id='line_1_17' title="bbox 10 2173 1182 2277; baseline -0.005 -15.782"><span class='ocrx_word' id='word_1_129' title='bbox 10 2173 263 2267; x_wconf 57' lang='lat' dir='ltr'>⁸,Tartessus</span> <span class='ocrx_word' id='word_1_130' title='bbox 284 2203 357 2258; x_wconf 89' lang='lat' dir='ltr'>urbs</span> <span class='ocrx_word' id='word_1_131' title='bbox 372 2198 533 2275; x_wconf 81' lang='lat' dir='ltr'>Hispaniae</span> <span class='ocrx_word' id='word_1_132' title='bbox 552 2201 755 2277; x_wconf 84' lang='lat' dir='ltr'>antiquissima</span> <span class='ocrx_word' id='word_1_133' title='bbox 768 2197 808 2256; x_wconf 86' lang='lat' dir='ltr'>ad</span> <span class='ocrx_word' id='word_1_134' title='bbox 819 2184 895 2255; x_wconf 77' lang='lat' dir='ltr'>ostia</span> <span class='ocrx_word' id='word_1_135' title='bbox 908 2198 1007 2256; x_wconf 82' lang='lat' dir='ltr'>Baetis</span> <span class='ocrx_word' id='word_1_136' title='bbox 1021 2192 1099 2255; x_wconf 80' lang='lat' dir='ltr'>haud</span> <span class='ocrx_word' id='word_1_137' title='bbox 1111 2217 1182 2274; x_wconf 84' lang='lat' dir='ltr'>pro·</span> 
     </span>
    </p>

    <p class='ocr_par' dir='ltr' id='par_1_6' title="bbox 10 2279 434 2371">
     <span class='ocr_line' id='line_1_18' title="bbox 10 2279 434 2371; baseline -0.005 -14"><span class='ocrx_word' id='word_1_138' title='bbox 10 2279 34 2338; x_wconf 51' lang='lat' dir='ltr'>T</span> <span class='ocrx_word' id='word_1_139' title='bbox 127 2303 176 2357; x_wconf 90' lang='lat' dir='ltr'>cul</span> <span class='ocrx_word' id='word_1_140' title='bbox 196 2304 333 2371; x_wconf 64' lang='lat' dir='ltr'>Oceanos</span> <span class='ocrx_word' id='word_1_141' title='bbox 354 2300 434 2357; x_wconf 87' lang='lat' dir='ltr'>unde</span> 
     </span>
    </p>

    <p class='ocr_par' dir='ltr' id='par_1_7' title="bbox 10 2385 380 2466">
     <span class='ocr_line' id='line_1_19' title="bbox 10 2385 380 2466; baseline 0.011 -10"><span class='ocrx_word' id='word_1_142' title='bbox 10 2385 30 2420; x_wconf 80' lang='lat'>¹⁵</span> <span class='ocrx_word' id='word_1_143' title='bbox 53 2403 264 2466; x_wconf 82' lang='lat' dir='ltr'>Tartessii,</span> <span class='ocrx_word' id='word_1_144' title='bbox 284 2419 380 2460; x_wconf 78' lang='lat' dir='ltr'>orum,</span> 
     </span>
    </p>

    <p class='ocr_par' dir='ltr' id='par_1_8' title="bbox 10 2479 1180 2579">
     <span class='ocr_line' id='line_1_20' title="bbox 10 2479 1180 2579; baseline -0.006 -23"><span class='ocrx_word' id='word_1_145' title='bbox 10 2479 33 2520; x_wconf 46' lang='grc' dir='ltr'><strong>Β</strong></span> <span class='ocrx_word' id='word_1_146' title='bbox 54 2499 327 2558; x_wconf 85' lang='lat' dir='ltr'>Themistocles</span> <span class='ocrx_word' id='word_1_147' title='bbox 342 2498 543 2564; x_wconf 67' lang='lat' dir='ltr'>Atheniensis,</span> <span class='ocrx_word' id='word_1_148' title='bbox 562 2497 682 2579; x_wconf 81' lang='lat' dir='ltr'>Neoclis</span> <span class='ocrx_word' id='word_1_149' title='bbox 699 2499 796 2567; x_wconf 85' lang='lat' dir='ltr'>filius,</span> <span class='ocrx_word' id='word_1_150' title='bbox 813 2496 940 2555; x_wconf 73' lang='lat' dir='ltr'>Aristidi</span> <span class='ocrx_word' id='word_1_151' title='bbox 959 2491 1093 2573; x_wconf 82' lang='lat' dir='ltr'>aequalis</span> <span class='ocrx_word' id='word_1_152' title='bbox 1113 2494 1180 2563; x_wconf 85' lang='lat' dir='ltr'>fuit,</span> 
     </span>
    </p>

    <p class='ocr_par' dir='ltr' id='par_1_9' title="bbox 30 2574 1181 2673">
     <span class='ocr_line' id='line_1_21' title="bbox 30 2574 1181 2673; baseline -0.007 -17"><span class='ocrx_word' id='word_1_153' title='bbox 30 2581 33 2614; x_wconf 74' lang='lat'>⁵</span> <span class='ocrx_word' id='word_1_154' title='bbox 128 2617 256 2673; x_wconf 85' lang='lat' dir='ltr'>quocum</span> <span class='ocrx_word' id='word_1_155' title='bbox 280 2597 318 2652; x_wconf 88' lang='lat' dir='ltr'>dc</span> <span class='ocrx_word' id='word_1_156' title='bbox 344 2598 514 2672; x_wconf 82' lang='lat' dir='ltr'>principatu</span> <span class='ocrx_word' id='word_1_157' title='bbox 536 2600 680 2656; x_wconf 87' lang='lat' dir='ltr'>certabat.</span> <span class='ocrx_word' id='word_1_158' title='bbox 717 2602 773 2656; x_wconf 86' lang='lat' dir='ltr'>Hic</span> <span class='ocrx_word' id='word_1_159' title='bbox 793 2599 935 2672; x_wconf 82' lang='lat' dir='ltr'>singulari</span> <span class='ocrx_word' id='word_1_160' title='bbox 960 2596 1019 2652; x_wconf 84' lang='lat' dir='ltr'>fuit</span> <span class='ocrx_word' id='word_1_161' title='bbox 1037 2574 1181 2651; x_wconf 85' lang='lat' dir='ltr'>memoria</span> 
     </span>
    </p>
   </div>
   <div class='ocr_carea' id='block_1_5' title="bbox 10 2064 36 2119">
    <p class='ocr_par' dir='ltr' id='par_1_10' title="bbox 10 2064 36 2119">
     <span class='ocr_line' id='line_1_22' title="bbox 10 2064 36 2119; baseline 0 -6"><span class='ocrx_word' id='word_1_162' title='bbox 10 2064 36 2119; x_wconf 81' lang='grc' dir='ltr'>Ει</span> 
     </span>
    </p>
   </div>
   <div class='ocr_carea' id='block_1_6' title="bbox 124 2698 1191 2870">
    <p class='ocr_par' dir='ltr' id='par_1_11' title="bbox 124 2698 1191 2870">
     <span class='ocr_line' id='line_1_23' title="bbox 124 2698 1191 2768; baseline -0.01 -14"><span class='ocrx_word' id='word_1_163' title='bbox 124 2698 216 2768; x_wconf 86' lang='lat' dir='ltr'>adeo,</span> <span class='ocrx_word' id='word_1_164' title='bbox 235 2710 269 2756; x_wconf 89' lang='lat' dir='ltr'>ut</span> <span class='ocrx_word' id='word_1_165' title='bbox 288 2698 419 2754; x_wconf 88' lang='lat' dir='ltr'>omnium</span> <span class='ocrx_word' id='word_1_166' title='bbox 437 2699 548 2753; x_wconf 84' lang='lat' dir='ltr'>civium</span> <span class='ocrx_word' id='word_1_167' title='bbox 567 2716 688 2752; x_wconf 89' lang='lat' dir='ltr'>suorum</span> <span class='ocrx_word' id='word_1_168' title='bbox 711 2699 830 2753; x_wconf 86' lang='lat' dir='ltr'>nomina</span> <span class='ocrx_word' id='word_1_169' title='bbox 855 2706 986 2760; x_wconf 85' lang='lat' dir='ltr'>teneret,</span> <span class='ocrx_word' id='word_1_170' title='bbox 1016 2705 1061 2760; x_wconf 86' lang='lat' dir='ltr'>et,</span> <span class='ocrx_word' id='word_1_171' title='bbox 1089 2704 1191 2765; x_wconf 51' lang='lat' dir='ltr'>quum*</span> 
     </span>
     <span class='ocr_line' id='line_1_24' title="bbox 127 2794 1180 2870; baseline -0.003 -21"><span class='ocrx_word' id='word_1_172' title='bbox 127 2800 223 2869; x_wconf 84' lang='lat' dir='ltr'>patria</span> <span class='ocrx_word' id='word_1_173' title='bbox 241 2800 342 2870; x_wconf 84' lang='lat' dir='ltr'>pulsus</span> <span class='ocrx_word' id='word_1_174' title='bbox 363 2799 394 2852; x_wconf 88' lang='lat' dir='ltr'>in</span> <span class='ocrx_word' id='word_1_175' title='bbox 405 2796 559 2853; x_wconf 83' lang='lat' dir='ltr'>Persidem</span> <span class='ocrx_word' id='word_1_176' title='bbox 579 2797 718 2864; x_wconf 85' lang='lat' dir='ltr'>venisset,</span> <span class='ocrx_word' id='word_1_177' title='bbox 738 2815 829 2852; x_wconf 87' lang='lat' dir='ltr'>uuum</span> <span class='ocrx_word' id='word_1_178' title='bbox 848 2796 925 2850; x_wconf 87' lang='lat' dir='ltr'>intra</span> <span class='ocrx_word' id='word_1_179' title='bbox 939 2812 1047 2848; x_wconf 88' lang='lat' dir='ltr'>annum</span> <span class='ocrx_word' id='word_1_180' title='bbox 1067 2794 1180 2866; x_wconf 86' lang='lat' dir='ltr'>optimc</span> 
     </span>
    </p>
   </div>
   <div class='ocr_carea' id='block_1_7' title="bbox 10 2683 33 2913">
    <p class='ocr_par' dir='ltr' id='par_1_12' title="bbox 10 2683 33 2913">
     <span class='ocr_line' id='line_1_25' title="bbox 29 2683 33 2719; baseline 0 0"><span class='ocrx_word' id='word_1_181' title='bbox 29 2683 33 2719; x_wconf 93' lang='lat' dir='ltr'>l</span> 
     </span>
     <span class='ocr_line' id='line_1_26' title="bbox 10 2783 33 2821; baseline 0 0"><span class='ocrx_word' id='word_1_182' title='bbox 10 2783 33 2821; x_wconf 86' lang='grc' dir='ltr'>Ι</span> 
     </span>
     <span class='ocr_line' id='line_1_27' title="bbox 30 2882 33 2913; baseline 0 0"><span class='ocrx_word' id='word_1_183' title='bbox 30 2882 33 2913; x_wconf 91' lang='lat' dir='ltr'>l</span> 
     </span>
    </p>
   </div>
   <div class='ocr_carea' id='block_1_8' title="bbox 10 2995 1181 4252">
    <p class='ocr_par' dir='ltr' id='par_1_13' title="bbox 99 2995 1178 3159">
     <span class='ocr_line' id='line_1_28' title="bbox 127 2995 1178 3074; baseline 0.004 -28"><span class='ocrx_word' id='word_1_184' title='bbox 127 2995 288 3049; x_wconf 88' lang='lat' dir='ltr'>momoriae</span> <span class='ocrx_word' id='word_1_185' title='bbox 306 2995 503 3063; x_wconf 83' lang='lat' dir='ltr'>traditurum,</span> <span class='ocrx_word' id='word_1_186' title='bbox 529 2999 718 3074; x_wconf 82' lang='lat' dir='ltr'>respondisse</span> <span class='ocrx_word' id='word_1_187' title='bbox 737 2999 859 3067; x_wconf 81' lang='lat' dir='ltr'>dicitur,</span> <span class='ocrx_word' id='word_1_188' title='bbox 882 2997 1021 3054; x_wconf 85' lang='lat' dir='ltr'>oblivisci</span> <span class='ocrx_word' id='word_1_189' title='bbox 1039 3010 1072 3051; x_wconf 78' lang='lat' dir='ltr'>se</span> <span class='ocrx_word' id='word_1_190' title='bbox 1092 2995 1178 3050; x_wconf 83' lang='lat' dir='ltr'>malle</span> 
     </span>
     <span class='ocr_line' id='line_1_29' title="bbox 99 3092 254 3159; baseline 0.026 -13"><span class='ocrx_word' id='word_1_191' title='bbox 99 3150 104 3159; x_wconf 60' lang='grc'>,</span> <span class='ocrx_word' id='word_1_192' title='bbox 125 3092 254 3150; x_wconf 68' lang='lat' dir='ltr'>(lictore.</span> 
     </span>
    </p>

    <p class='ocr_par' dir='ltr' id='par_1_14' title="bbox 53 3189 1181 3473">
     <span class='ocr_line' id='line_1_30' title="bbox 53 3189 1181 3271; baseline 0 -23"><span class='ocrx_word' id='word_1_193' title='bbox 53 3194 264 3250; x_wconf 83' lang='lat' dir='ltr'>Terentius</span> <span class='ocrx_word' id='word_1_194' title='bbox 282 3189 425 3256; x_wconf 51' lang='lat' dir='ltr'>Pelles,</span> <span class='ocrx_word' id='word_1_195' title='bbox 444 3196 600 3270; x_wconf 76' lang='lat' dir='ltr'>politorum</span> <span class='ocrx_word' id='word_1_196' title='bbox 622 3197 803 3254; x_wconf 85' lang='lat' dir='ltr'>comicorum</span> <span class='ocrx_word' id='word_1_197' title='bbox 820 3195 1089 3271; x_wconf 80' lang='lat' dir='ltr'>praestantissimus</span> <span class='ocrx_word' id='word_1_198' title='bbox 1102 3192 1181 3268; x_wconf 84' lang='lat' dir='ltr'>apud</span> 
     </span>
     <span class='ocr_line' id='line_1_31' title="bbox 128 3292 1178 3368; baseline 0.003 -23"><span class='ocrx_word' id='word_1_199' title='bbox 128 3292 294 3360; x_wconf 87' lang='lat' dir='ltr'>Romanos,</span> <span class='ocrx_word' id='word_1_200' title='bbox 322 3292 456 3348; x_wconf 80' lang='lat' dir='ltr'>Africani</span> <span class='ocrx_word' id='word_1_201' title='bbox 486 3295 610 3350; x_wconf 82' lang='lat' dir='ltr'>minoris</span> <span class='ocrx_word' id='word_1_202' title='bbox 635 3307 728 3355; x_wconf 81' lang='lat' dir='ltr'>aetate</span> <span class='ocrx_word' id='word_1_203' title='bbox 753 3299 834 3354; x_wconf 84' lang='lat' dir='ltr'>vixit.</span> <span class='ocrx_word' id='word_1_204' title='bbox 873 3300 918 3352; x_wconf 90' lang='lat' dir='ltr'>De</span> <span class='ocrx_word' id='word_1_205' title='bbox 942 3295 1075 3360; x_wconf 66' lang='lat' dir='ltr'>fabulis,</span> <span class='ocrx_word' id='word_1_206' title='bbox 1107 3311 1178 3368; x_wconf 79' lang='lat' dir='ltr'>quas</span> 
     </span>
     <span class='ocr_line' id='line_1_32' title="bbox 127 3372 942 3473; baseline 0.005 -26"><span class='ocrx_word' id='word_1_207' title='bbox 127 3392 258 3466; x_wconf 78' lang='lat' dir='ltr'>scripsit,</span> <span class='ocrx_word' id='word_1_208' title='bbox 280 3410 329 3447; x_wconf 86' lang='lat' dir='ltr'>sex</span> <span class='ocrx_word' id='word_1_209' title='bbox 347 3392 442 3447; x_wconf 86' lang='lat' dir='ltr'>adhuc</span> <span class='ocrx_word' id='word_1_210' title='bbox 462 3404 576 3456; x_wconf 83' lang='lat' dir='ltr'>extant,</span> <span class='ocrx_word' id='word_1_211' title='bbox 596 3395 628 3450; x_wconf 90' lang='lat' dir='ltr'>in</span> <span class='ocrx_word' id='word_1_212' title='bbox 648 3399 756 3473; x_wconf 83' lang='lat' dir='ltr'>quibus</span> <span class='ocrx_word' id='word_1_213' title='bbox 774 3398 912 3471; x_wconf 79' lang='lat' dir='ltr'>Adelplri.</span> <span class='ocrx_word' id='word_1_214' title='bbox 939 3372 942 3381; x_wconf 83' lang='lat'>.</span> 
     </span>
    </p>

    <p class='ocr_par' dir='ltr' id='par_1_15' title="bbox 10 3489 1178 3740">
     <span class='ocr_line' id='line_1_33' title="bbox 10 3489 1178 3573; baseline 0.002 -29"><span class='ocrx_word' id='word_1_215' title='bbox 10 3518 22 3527; x_wconf 94' lang='lat'>··</span> <span class='ocrx_word' id='word_1_216' title='bbox 52 3489 343 3562; x_wconf 85' lang='lat' dir='ltr'>Thermopylae,</span> <span class='ocrx_word' id='word_1_217' title='bbox 360 3489 459 3547; x_wconf 84' lang='lat' dir='ltr'>lauces</span> <span class='ocrx_word' id='word_1_218' title='bbox 473 3495 705 3567; x_wconf 80' lang='lat' dir='ltr'>angustissimae,</span> <span class='ocrx_word' id='word_1_219' title='bbox 715 3515 772 3571; x_wconf 85' lang='lat' dir='ltr'>per</span> <span class='ocrx_word' id='word_1_220' title='bbox 787 3514 857 3573; x_wconf 80' lang='lat' dir='ltr'>quas</span> <span class='ocrx_word' id='word_1_221' title='bbox 877 3494 973 3551; x_wconf 85' lang='lat' dir='ltr'>aditus</span> <span class='ocrx_word' id='word_1_222' title='bbox 989 3511 1008 3549; x_wconf 90' lang='lat' dir='ltr'>a</span> <span class='ocrx_word' id='word_1_223' title='bbox 1028 3490 1178 3548; x_wconf 86' lang='lat' dir='ltr'>Thessalia</span> 
     </span>
     <span class='ocr_line' id='line_1_34' title="bbox 128 3586 1177 3674; baseline 0.005 -34"><span class='ocrx_word' id='word_1_224' title='bbox 128 3586 160 3641; x_wconf 83' lang='lat' dir='ltr'>in</span> <span class='ocrx_word' id='word_1_225' title='bbox 180 3587 333 3643; x_wconf 75' lang='lat' dir='ltr'>Graeciam</span> <span class='ocrx_word' id='word_1_226' title='bbox 348 3600 440 3664; x_wconf 82' lang='lat' dir='ltr'>patet,</span> <span class='ocrx_word' id='word_1_227' title='bbox 460 3592 497 3648; x_wconf 84' lang='lat' dir='ltr'>ab</span> <span class='ocrx_word' id='word_1_228' title='bbox 519 3594 605 3668; x_wconf 82' lang='lat' dir='ltr'>aquis</span> <span class='ocrx_word' id='word_1_229' title='bbox 624 3595 738 3662; x_wconf 82' lang='lat' dir='ltr'>calidis,</span> <span class='ocrx_word' id='word_1_230' title='bbox 759 3616 833 3674; x_wconf 83' lang='lat' dir='ltr'>queo</span> <span class='ocrx_word' id='word_1_231' title='bbox 851 3597 930 3669; x_wconf 72' lang='lat' dir='ltr'>juxta</span> <span class='ocrx_word' id='word_1_232' title='bbox 942 3593 1114 3655; x_wconf 82' lang='lat' dir='ltr'>scaturiunt,</span> <span class='ocrx_word' id='word_1_233' title='bbox 1135 3592 1177 3646; x_wconf 83' lang='lat' dir='ltr'>sic</span> 
     </span>
     <span class='ocr_line' id='line_1_35' title="bbox 127 3683 235 3740; baseline 0.019 -2"><span class='ocrx_word' id='word_1_234' title='bbox 127 3683 235 3740; x_wconf 84' lang='lat' dir='ltr'>dictae.</span> 
     </span>
    </p>

    <p class='ocr_par' dir='ltr' id='par_1_16' title="bbox 57 3783 1176 3966">
     <span class='ocr_line' id='line_1_36' title="bbox 57 3783 1176 3868; baseline 0.007 -31"><span class='ocrx_word' id='word_1_235' title='bbox 57 3783 268 3850; x_wconf 79' lang='lat' dir='ltr'>Thessalus,</span> <span class='ocrx_word' id='word_1_236' title='bbox 289 3786 432 3846; x_wconf 84' lang='lat' dir='ltr'>oriundus</span> <span class='ocrx_word' id='word_1_237' title='bbox 451 3809 467 3847; x_wconf 88' lang='lat' dir='ltr'>o</span> <span class='ocrx_word' id='word_1_238' title='bbox 488 3792 638 3850; x_wconf 78' lang='lat' dir='ltr'>Thessalia</span> <span class='ocrx_word' id='word_1_239' title='bbox 656 3794 780 3868; x_wconf 74' lang='lat' dir='ltr'>regione</span> <span class='ocrx_word' id='word_1_240' title='bbox 800 3793 954 3857; x_wconf 83' lang='lat' dir='ltr'>Graeciae,</span> <span class='ocrx_word' id='word_1_241' title='bbox 974 3808 1048 3867; x_wconf 88' lang='lat' dir='ltr'>quae</span> <span class='ocrx_word' id='word_1_242' title='bbox 1062 3801 1176 3864; x_wconf 87' lang='lat' dir='ltr'>septen·</span> 
     </span>
     <span class='ocr_line' id='line_1_37' title="bbox 127 3885 741 3966; baseline 0.026 -30"><span class='ocrx_word' id='word_1_243' title='bbox 127 3885 257 3939; x_wconf 84' lang='lat' dir='ltr'>trionem</span> <span class='ocrx_word' id='word_1_244' title='bbox 275 3904 377 3943; x_wconf 83' lang='lat' dir='ltr'>versus</span> <span class='ocrx_word' id='word_1_245' title='bbox 396 3890 598 3947; x_wconf 81' lang='lat' dir='ltr'>Macedoniam</span> <span class='ocrx_word' id='word_1_246' title='bbox 617 3904 741 3966; x_wconf 79' lang='lat' dir='ltr'>spectat.</span> 
     </span>
    </p>

    <p class='ocr_par' dir='ltr' id='par_1_17' title="bbox 10 3984 1175 4149">
     <span class='ocr_line' id='line_1_38' title="bbox 10 3984 1175 4069; baseline 0.015 -30"><span class='ocrx_word' id='word_1_247' title='bbox 10 4061 13 4067; x_wconf 31' lang='grc' dir='ltr'>Ι</span> <span class='ocrx_word' id='word_1_248' title='bbox 56 3984 258 4049; x_wconf 79' lang='lat' dir='ltr'>Tithonus,</span> <span class='ocrx_word' id='word_1_249' title='bbox 291 3986 425 4043; x_wconf 77' lang='lat' dir='ltr'>Aurorae</span> <span class='ocrx_word' id='word_1_250' title='bbox 444 3991 580 4060; x_wconf 80' lang='lat' dir='ltr'>maritus,</span> <span class='ocrx_word' id='word_1_251' title='bbox 612 3991 660 4048; x_wconf 86' lang='lat' dir='ltr'>cui</span> <span class='ocrx_word' id='word_1_252' title='bbox 678 3992 797 4068; x_wconf 76' lang='lat' dir='ltr'>Jupiter</span> <span class='ocrx_word' id='word_1_253' title='bbox 816 3995 1022 4069; x_wconf 75' lang='lat' dir='ltr'>sempiternam</span> <span class='ocrx_word' id='word_1_254' title='bbox 1045 4001 1175 4065; x_wconf 74' lang='lat' dir='ltr'>senectu-</span> 
     </span>
     <span class='ocr_line' id='line_1_39' title="bbox 126 4084 611 4149; baseline 0.021 -12"><span class='ocrx_word' id='word_1_255' title='bbox 126 4095 184 4139; x_wconf 78' lang='lat' dir='ltr'>tem</span> <span class='ocrx_word' id='word_1_256' title='bbox 203 4084 320 4149; x_wconf 80' lang='lat' dir='ltr'>tribuit,</span> <span class='ocrx_word' id='word_1_257' title='bbox 339 4097 371 4142; x_wconf 86' lang='lat' dir='ltr'>ut</span> <span class='ocrx_word' id='word_1_258' title='bbox 390 4099 433 4143; x_wconf 83' lang='lat' dir='ltr'>est</span> <span class='ocrx_word' id='word_1_259' title='bbox 451 4089 486 4143; x_wconf 83' lang='lat' dir='ltr'>in</span> <span class='ocrx_word' id='word_1_260' title='bbox 502 4084 611 4147; x_wconf 80' lang='lat' dir='ltr'>sabula.</span> 
     </span>
    </p>

    <p class='ocr_par' dir='ltr' id='par_1_18' title="bbox 49 4183 627 4252">
     <span class='ocr_line' id='line_1_40' title="bbox 49 4183 627 4252; baseline 0.021 -16"><span class='ocrx_word' id='word_1_261' title='bbox 49 4183 327 4252; x_wconf 81' lang='lat' dir='ltr'>Truculentus,</span> <span class='ocrx_word' id='word_1_262' title='bbox 347 4188 501 4246; x_wconf 85' lang='lat' dir='ltr'>comoedia</span> <span class='ocrx_word' id='word_1_263' title='bbox 520 4191 627 4248; x_wconf 76' lang='lat' dir='ltr'>Plauti·</span> 
     </span>
    </p>
   </div>
   <div class='ocr_carea' id='block_1_9' title="bbox 0 0 1332 4672">
    <p class='ocr_par' dir='ltr' id='par_1_19' title="bbox 0 0 1332 4672">
     <span class='ocr_line' id='line_1_41' title="bbox 0 0 1332 4672; baseline 0 0"><span class='ocrx_word' id='word_1_264' title='bbox 0 0 1332 4672; x_wconf 95' lang='lat' dir='ltr'> </span> 
     </span>
    </p>
   </div>
   <div class='ocr_carea' id='block_1_10' title="bbox 128 2892 1275 2973">
    <p class='ocr_par' dir='ltr' id='par_1_20' title="bbox 128 2892 1275 2973">
     <span class='ocr_line' id='line_1_42' title="bbox 128 2892 1275 2973; baseline 0 -25"><span class='ocrx_word' id='word_1_265' title='bbox 128 2897 221 2950; x_wconf 84' lang='lat' dir='ltr'>sciret</span> <span class='ocrx_word' id='word_1_266' title='bbox 244 2898 327 2970; x_wconf 85' lang='lat' dir='ltr'>loqui</span> <span class='ocrx_word' id='word_1_267' title='bbox 354 2899 484 2957; x_wconf 85' lang='lat' dir='ltr'>Persice.</span> <span class='ocrx_word' id='word_1_268' title='bbox 523 2898 605 2954; x_wconf 87' lang='lat' dir='ltr'>Idem</span> <span class='ocrx_word' id='word_1_269' title='bbox 630 2897 786 2973; x_wconf 88' lang='lat' dir='ltr'>pollicenti</span> <span class='ocrx_word' id='word_1_270' title='bbox 816 2897 956 2964; x_wconf 84' lang='lat' dir='ltr'>cuidam,</span> <span class='ocrx_word' id='word_1_271' title='bbox 980 2911 1013 2951; x_wconf 86' lang='lat' dir='ltr'>sc</span> <span class='ocrx_word' id='word_1_272' title='bbox 1039 2903 1130 2949; x_wconf 88' lang='lat' dir='ltr'>artem</span> <span class='ocrx_word' id='word_1_273' title='bbox 1151 2892 1180 2947; x_wconf 88' lang='lat' dir='ltr'>ei</span> <span class='ocrx_word' id='word_1_274' title='bbox 1273 2962 1275 2966; x_wconf 9' lang='grc' dir='ltr'><strong>λ</strong></span> 
     </span>
    </p>
   </div>
  </div>
 </body>
</html>
