2654 4658
462 333 596 423 monn
617 327 886 428 retardamus

543 577 546 585 ,
624 528 686 594 ,ll-

106 677 273 732 Maelius
294 678 352 751 sp.
374 679 461 740 homo
482 676 637 751 praedives
658 695 693 735 ex
713 679 843 752 equestri
865 675 983 743 ordine,
1005 695 1106 752 quum
1126 679 1160 735 in
1176 698 1232 738 aare

178 793 295 832 annona
313 778 519 848 largitionibus
539 776 679 832 frumenti
699 777 819 852 plebem
839 777 908 844 eibi,
929 777 965 833 do
985 758 1087 852 regno
1108 781 1229 856 agitanti,

124 870 306 931 delinire
327 875 472 943 studeret,
493 895 600 950 neque,
620 877 659 931 ob
679 874 712 930 id
729 874 766 932 ad
785 894 899 932 causam
920 876 1084 933 dicendam
1103 891 1222 945 vocatus,

177 979 323 1048 venisset3
349 979 430 1048 jussu
455 981 488 1034 1.
515 977 644 1060 Quinctii
672 975 842 1044 dictatoris,
865 994 891 1031 a
917 974 949 1030 C.
979 976 1118 1032 Servilio
1144 978 1226 1033 Ahala

175 1076 313 1149 magistro
334 1060 465 1150 equitum
484 1078 654 1132 interemtus
675 1087 727 1137 est,
747 1093 772 1140 a.
791 1078 828 1132 U.
851 1075 1012 1144 CCCXVI,
1035 1078 1072 1130 Τ.
1095 1060 1227 1159 Quinctio

129 1175 355 1251 Capitolino,
373 1173 506 1249 Agrippa
524 1177 664 1231 Menenio
683 1179 793 1232 Lanato
814 1174 997 1231 consulibus.

99 1229 537 1348 Magnamatcrvid.1da.

99 1375 297 1430 lilesittissa
322 1372 513 1432 Numidarum
537 1359 592 1439 ¹rex
616 1373 688 1444 tuit,
715 1375 799 1450 isque
819 1375 907 1447 longe
927 1373 1076 1430 maximus
1095 1373 1215 1428 omniurn

1 1520 3 1527 ι
98 1480 100 1485 ’
172 1477 273 1532 aetatis
292 1494 362 1531 suae
381 1492 493 1549 regum.
531 1476 587 1530 Hic
606 1475 735 1548 primum
760 1474 935 1528 acerrimum
960 1475 1096 1528 nominis
1107 1472 1225 1528 Romani

172 1574 285 1630 hostem
311 1592 342 1628 se
369 1575 473 1648 gessit,
502 1574 697 1648 militavitque
721 1593 779 1648 pro
808 1572 1105 1645 Carthaginiensibus
1131 1575 1162 1628 in
1181 1575 1227 1629 lli·

172 1669 288 1747 spania3
310 1672 417 1729 deinde
430 1686 555 1748 paterno
569 1691 661 1747 regno
678 1690 695 1728 a
710 1649 842 1746 Syphace
859 1671 1005 1745 expulsus,
1029 1673 1064 1729 P.
1083 1673 1227 1747 Scipioni,

170 1791 196 1828 a.
215 1772 252 1851 U,
270 1773 387 1830 DXLIX
406 1774 437 1827 in
456 1770 588 1828 Africam
606 1773 747 1835 venienti,
768 1772 881 1826 socium
901 1786 931 1826 ee
955 1770 1074 1840 junxit,
1102 1791 1225 1846 eumque

168 1871 200 1926 iu
220 1869 358 1927 omnibus
376 1871 502 1947 proeliis
521 1872 682 1946 plurimum
701 1870 825 1941 adjuvit.
864 1869 921 1951 Qui
941 1887 1032 1943 quam
1053 1873 1145 1928 varia
1164 1876 1220 1930 for-

168 1981 239 2026 tuna
263 1987 332 2038 usus
360 1970 400 2027 ait
424 1971 456 2027 in
481 1971 639 2030 amittendo
665 1967 930 2044 recuperandoque
962 1980 1096 2041 paterno
1126 1990 1225 2046 regno,

168 2070 234 2128 Liv.
253 2071 357 2128 XXIX.
377 2082 413 2142 29
432 2102 470 2114 -
488 2079 526 2132 54
542 2071 679 2144 pluribus
699 2069 843 2143 exposuit.
880 2067 963 2124 Idem
988 2053 1088 2143 usque
1119 2071 1158 2126 ad
1184 2090 1225 2127 ex·

166 2178 289 2224 tremam
309 2179 488 2229 senectutem
508 2179 566 2224 tam
584 2167 662 2224 bona
681 2168 861 2234 valitudine,
888 2178 1005 2240 tamque
1026 2181 1142 2242 vegeto
1162 2189 1219 2225 cor

166 2270 250 2343 poris
283 2269 394 2325 robore
431 2288 501 2325 usus
532 2279 592 2331 est,
630 2280 664 2322 ut
687 2267 877 2351 nonagesimo
907 2265 1008 2323 aetatis
1044 2286 1130 2325 anno
1163 2269 1219 2335 iter,

166 2349 298 2440 qtramvis
317 2368 477 2441 prolixum,
497 2368 625 2441 faciens,
646 2385 753 2442 equum
772 2383 929 2439 numquam
957 2369 1152 2426 ascenderet

89 2462 254 2521 Marcius
280 2468 315 2549 Q.
341 2467 546 2542 Philippus
579 2467 687 2523 iterum
711 2465 813 2521 consul
838 2465 912 2527 fuit,
938 2483 966 2520 a.
986 2464 1024 2522 U.
1046 2468 1215 2526 DLXXXIV

163 2581 308 2620 unacum
328 2562 382 2640 Cn.
403 2565 533 2623 Servilio
554 2565 717 2640 Caepione,
738 2583 828 2639 quum
848 2563 949 2620 decem
969 2574 998 2620 at
1019 2578 1142 2641 septem
1162 2564 1214 2625 ane

163 2663 250 2718 annis
268 2664 397 2739 primum
417 2667 596 2722 consulatum
621 2664 773 2740 gessisset,
800 2665 832 2719 in
852 2682 911 2763 quo
932 2663 1055 2739 quidem
1075 2667 1212 2742 collegam

163 2762 267 2818 habuit
286 2761 339 2836 Sp
360 2765 542 2821 Postumium
562 2765 713 2823 Albinum
756 2818 761 2829 Χ

88 2861 348 2922 Maximusvid.
373 2865 492 2921 Fabius.

87 2959 244 3016 Medea
234 2961 357 3035 insignis
376 2961 549 3018 incantatrix
578 2961 650 3028 fuit,
679 2961 803 3026 Aeetae,
825 2962 1002 3046 Colchorum
1024 2967 1125 3042 regis,
1143 2969 1211 3038 filia3

163 3077 251 3134 quam
270 3060 377 3123 lason,
403 3060 480 3136 qui
482 3059 514 3118 in
540 3058 667 3118 Colchos
685 3062 732 3118 ad
743 3061 905 3119 tollendum
930 3081 1056 3119 aureum
1083 3070 1208 3126 vellusa

160 3163 245 3218 Pelia
263 3173 372 3237 patruo
390 3164 497 3220 missus
517 3170 602 3229 erat,
618 3160 649 3216 in
670 3162 858 3218 Graeciamt
846 3180 944 3218 secum
964 3161 1103 3226 advexit.

88 3261 268 3316 Metellus
287 3261 348 3317 vid.
371 3261 526 3319 Caecilius.
1096 3323 1105 3328 ,

87 3359 566 3429 Milo,··athletaCroton1ensts,
594 3361 645 3435 qui
666 3352 782 3439 taurum
802 3360 1046 3435 in01ympiaro
1055 3368 1206 3428 certamine

163 3458 223 3513 ictu
241 3458 337 3516 nudae
357 3461 476 3518 dextrae
497 3461 639 3517 occidisse
660 3461 786 3523 dieitur,
812 3471 840 3516 et
871 3462 933 3514 eine
958 3460 1142 3536 fatigatione
1163 3489 1210 3546 per
1253 3531 1257 3541 ,

163 3555 249 3636 stadii
275 3559 401 3632 spatium
420 3577 510 3645 snpra
528 3560 666 3616 humeros
685 3573 831 3636 portasse.
869 3558 964 3633 Atque
990 3563 1083 3630 huie,
1114 3572 1211 3627 melun

162 3656 273 3712 tenenti
293 3655 409 3732 digitis,
441 3677 528 3714 nemo
553 3672 671 3733 poterat
697 3673 871 3734 extorquere
878 3678 888 3728 3
910 3677 1000 3734 quum
1028 3672 1210 3732 constiterat.

163 3771 250 3810 nemo
280 3757 405 3832 vestigio
437 3757 575 3818 educere.
614 3762 745 3818 Eundem
764 3761 872 3835 septies
898 3761 1053 3837 Olympiae
1080 3770 1210 3827 inludis

163 3853 305 3926 gymnicis
323 3855 429 3912 vicisse
449 3861 608 3916 memoriae
633 3862 782 3948 proditum
802 3873 859 3931 est,
886 3873 919 3918 ut
944 3863 974 3917 in
1001 3868 1210 3942 epigrammate

164 3958 217 4012 lllo
237 3957 430 4016 Simonideot

186 4059 360 4132 Μίλωνος
385 4059 456 4128 τόδ’
473 4063 621 4152 ἄγαλμα
647 4064 766 4130 καλοῦ
787 4063 914 4140 καλόν,
943 4067 978 4139 ὅς
1002 4088 1092 4135 ποτε
1118 4076 1210 4167 Πίσῃ

180 4161 294 4225 “Euro
320 4160 464 4252 νικήσας
490 4165 519 4236 ἐς
544 4164 667 4252 γόνατ’
694 4165 762 4232 οὐκ
789 4163 914 4232 ἔπεσεν.
