2654 4658
312 430 316 440 ,
386 359 521 426 muns
542 311 807 433 mammons.
1019 383 1022 386 >
1116 365 1157 426 ar

107 528 228 582 multum
254 543 320 581 cum
345 525 471 596 Archyta
490 518 660 592 Tarentino,
691 541 756 579 cuns
781 523 902 578 Timaeo
929 534 958 579 et
988 521 1099 580 Arione
1127 536 1157 581 et

107 626 264 682 Echecrate
284 627 386 682 Locris
408 625 498 681 fuisse
518 624 638 684 dieimr.
678 625 805 681 Omnino
825 633 921 679 autem
939 623 1022 678 Plato
1040 623 1168 688 triaiti.
1197 665 1200 680 .

107 743 180 780 nera
200 725 231 779 in
250 727 365 781 ltaliam
384 724 456 780 feeit
474 735 502 780 et
521 725 663 791 Siciliam,
683 727 810 797 quorum
829 724 860 777 in
880 723 978 798 prime
998 719 1166 777 Tarentum‘
1225 759 1228 764 ,

103 826 186 880 venit
204 841 230 881 s.
252 826 286 882 U.
309 824 469 890 CCCLXV,
489 841 560 891 non,
580 834 613 878 ut
630 823 736 880 Cicero
755 823 833 886 vult,
852 824 883 877 1..
905 821 997 875 Furio
1018 821 1155 889 Camillo,
1182 887 1185 892 ‚

104 923 182 996 app.
205 924 330 979 Claudio
351 923 456 980 Crasso
475 924 659 987 oonsulibus,
681 921 762 997 quod
775 934 848 978 esset
868 922 937 980 e.U.
960 919 1068 992 cpr,
1088 939 1156 976 cum

107 1021 227 1096 quidem
256 1023 280 1077 is
305 1039 397 1078 annos
417 1024 465 1078 xl.
484 1033 568 1078 natus
589 1032 672 1078 esset.
711 1025 805 1077 Tanto
824 1012 921 1078 autem
944 1018 1076 1075 discendi
1096 1032 1156 1077 stu·

104 1120 156 1175 dio
182 1121 272 1177 fuisse
296 1118 409 1184 fertur,
435 1134 484 1184 nt,
511 1123 604 1178 altero
630 1132 666 1187 et.
685 1121 864 1195 octogesimo
896 1136 974 1175 anno
998 1119 1155 1188 decedens,

105 1222 164 1279 sub„
179 1222 274 1296 eapite
294 1219 460 1294 Sophronis
477 1222 582 1277 mimos
600 1221 732 1279 baberet.

49 1323 187 1377 'lautus
205 1322 247 1374 Μ.
266 1317 413 1381 Aesius,
432 1321 552 1378 natione
569 1321 692 1387 Umber,
711 1321 799 1394 poeta
818 1310 958 1384 eomieub,
970 1320 1088 1377 Catonis
1105 1310 1163 1378 ae·⁴

107 1427 166 1473 tate
187 1417 297 1471 Romae
317 1417 348 1472 in
367 1434 453 1472 scena
478 1419 587 1478 floruit.
619 1420 758 1494 *Triginta
781 1429 878 1476 autem
903 1432 933 1476 et
956 1433 1075 1498 centum·
1104 1439 1156 1495 eo·

106 1516 240 1573 moadiae
259 1515 313 1572 sub
331 1517 428 1573 Plauti
447 1520 567 1577 nomine
585 1517 785 1586 ferebantnre
798 1537 833 1572 ex
854 1518 901 1574 iis.
920 1537 996 1592 quae
1014 1538 1031 1574 a
1050 1521 1155 1578 Plauto
1212 1552 1217 1563 ι

107 1619 236 1691 scriptae
255 1617 410 1680 videnlur,
430 1618 534 1694 viginti
553 1617 649 1686 adhue
667 1627 779 1685 estante
807 1634 932 1690 quarum
950 1617 1076 1692 quidem
1089 1632 1156 1678 sunt
1230 1619 1240 1636 ⁸

106 1717 299 1774 Truculentus
319 1726 348 1773 et
364 1713 536 1777 Pseudolus.
574 1705 660 1772 Hune
682 1717 807 1791 politam
819 1718 920 1791 quanti
951 1716 1077 1775 fecerint
1095 1720 1153 1777 Ilo·

103 1816 206 1884 mani,
228 1815 378 1892 proditum
404 1821 447 1871 est
464 1815 522 1870 hoc
549 1815 777 1889 epigrammate:

237 1920 400 1992 Postquam>
415 1925 454 1970 est
477 1898 566 1970 morte
584 1926 681 1984 ceptus
702 1916 835 1984 Plautus,

238 2016 389 2070 Comoedia
409 2005 493 2089 luget,
512 2034 593 2070 sceno
612 2026 651 2069 est
669 2015 794 2071 deserta:

76 2134 82 2141 “
173 2142 174 2145 “
238 2121 345 2173 Deinde
363 2123 446 2188 risus,
466 2119 562 2188 ludus,
590 2118 722 2187 jocusque
745 2127 772 2170 et
796 2117 903 2170 numeri
978 2108 981 2115 ’

238 2221 378 2273 innumeri
408 2220 490 2272 dmul
522 2234 612 2270 omnes
644 2216 890 2284 collacrymemur.

56 2332 194 2382 oenus,
215 2317 234 2372 i.
257 2338 284 2375 e.
303 2317 566 2394 Karthaginiensis.

54 2418 259 2489 ompenius
279 2420 314 2478 Τ.
332 2417 623 2486 Διιίοιιι,ἰιο1)ἱ1ἰι
642 2431 733 2492 eques
751 2417 910 2482 Romaene,
929 2413 979 2472 vir
998 2414 1151 2488 excellenti

84 2514 223 2587 ‘ingenio
243 2525 271 2572 et
290 2518 424 2574 moribus
442 2516 667 2583 humanissimis,
686 2516 798 2572 amicus
813 2515 871 2573 fuit
896 2510 1075 2572 Ciceronis'
1093 2510 1151 2568 llio
1169 2524 1173 2529 ·

100 2610 351 2690 adolescentulus,
378 2635 469 2690 (ιιιιιιη
493 2618 619 2674 tumultu
639 2615 773 2671 Cinnano
793 2616 896 2672 civitas
915 2615 1150 2690 perturbaretur,

100 2730 197 2786 neque
219 2713 283 2788 ipse
300 2726 427 2790 propter
445 2715 614 2772 affinitatem
632 2718 668 2772 P.
688 2715 836 2787 Sulpicii,
862 2717 914 2790 qui
932 2715 1068 2770 tribunus
1088 2713 1150 2786 pla·

100 2811 150 2865 bis
173 2815 204 2867 in
223 2833 259 2870 eo
279 2815 451 2873 interfectus
470 2815 577 2876 suerat,
598 2828 701 2886 expers
722 2823 797 2886 esset
815 2813 953 2886 periculi,
973 2812 1098 2870 Athenas
1119 2830 1152 2868 se
1239 2848 1251 2871 ι

105 2909 250 2977 contulit3
272 2911 385 2984 ibique,
407 2932 473 2969 cum
493 2915 527 2968 L.
542 2913 684 2970 Cornelio
704 2912 810 2982 Cinna,
831 2915 884 2970 Gn.
905 2913 1029 2981 Octavio
1048 2929 1151 2967 consu·

103 3007 194 3072 libus,
214 3009 245 3063 id
264 3022 318 3078 est,
336 3031 361 3092 a.
371 3013 408 3068 U.
428 3013 586 3069 DCLXVII
611 3030 648 3068 eo
672 3013 906 3086 commigrasset,
926 3028 1019 3086 usque
1045 3011 1083 3066 ad
1100 3026 1162 3067 an·x

100 3125 170 3161 num
188 3111 380 3168 DCLXXXIX
400 3124 442 3168 est
459 3123 675 3169 commoratus.
705 3111 761 3168 llic
787 3113 827 3166 ita
847 3129 878 3167 se
904 3111 1041 3190 gerebas,
1064 3120 1098 3166 ut
1113 3112 1143 3166 ei
1162 3093 1164 3096 ¹

102 3221 229 3284 propter
247 3210 391 3266 beneficia
408 3211 494 3285 atqua
524 3210 788 3267 liberalitatemin
807 3208 1020 3284 rempublicam
1052 3219 1082 3263 et
1111 3207 1152 3264 oi·

99 3309 371 3379 vitasdonaretur,
398 3321 427 3366 et
451 3311 565 3369 absenti
586 3320 680 3366 statua
698 3303 873 3383 poneretur.
911 3308 1036 3364 Multum
1054 3318 1151 3363 autem

96 3417 211 3487 tempus
248 3407 372 3464 Graecis
404 3409 511 3467 litteris
542 3410 643 3475 dedit,
674 3407 861 3482 Atticumque
897 3423 1062 3463 sermonem
1091 3417 1151 3462 tam
1238 3439 1240 3446 =

96 3508 194 3583 probe
214 3508 330 3579 didicit,
349 3502 382 3566 ut'
400 3491 636 3567 commodissime
653 3511 827 3583 loqueretur
851 3507 964 3576 Attice3
983 3507 1064 3564 unde
1083 3523 1166 3581 cog-f

96 3625 206 3681 nomen
225 3607 343 3665 videtum
362 3610 472 3666 habere
490 3609 590 3666 Attici.
612 3610 675 3665 cfr.
696 3607 818 3666 Gornel.
840 3609 915 3682 Nep.
935 3606 1058 3666 Atticus.

54 3710 185 3766 entius
206 3710 241 3767 G.
261 3709 386 3772 Samnis,
406 3729 432 3765 a.
445 3713 480 3769 U.
501 3710 657 3768 CDXXXII
676 3710 839 3782 imperator
851 3705 949 3761 factus
965 3705 1149 3770 Samnitium,

102 3807 245 3863 exereitus
271 3809 416 3865 Romanos
451 3809 489 3865 ad
512 3806 653 3865 Furculas
685 3807 828 3863 Caudinas
860 3807 937 3860 inter
963 3803 1036 3861 duos
1062 3807 1149 3861 saltus
1241 3863 1247 3876 ,

102 3905 219 3962 clausos
238 3906 412 3981 subjugum
431 3909 517 3963 misit.
544 3909 638 3980 Hujus
656 3918 742 3982 pater
761 3905 819 3962 fuit
831 3904 997 3960 Herennius
1008 3905 1129 3962 Pontius
1135 3922 1145 3973 3

99 4003 179 4058 unde
201 4003 385 4079 intelligitur,
407 4023 519 4064 errasse
534 4008 719 4074 Ciceronem,
736 3989 794 4080 'qui
816 4005 943 4075 Cajum
962 4006 1047 4060 Pont.
1067 4003 1150 4081 Caii.

100 4102 199 4157 Pontii
218 4113 333 4176 patrem
353 4102 434 4161 dixit.
473 4110 651 4191 Quamquam
676 4105 891 4162 Herennius
915 4121 1023 4158 nomen
1052 4103 1150 4176 gentis*
1236 4084 1268 4167 ι’,Ι

102 4215 166 4256 esse
185 4202 293 4276 potest,
313 4211 342 4260 et
361 4188 475 4276 (injus
492 4207 571 4264 idem
590 4206 681 4282 patris
700 4223 891 4282 praenomen.
1260 4198 1268 4211 ''
