2654 4672
123 341 172 412 40
399 412 404 419 ,
547 336 661 403 CATO
691 337 832 405 MAIOR

126 506 231 574 studio
251 502 441 574 dimetiendi
468 504 554 572 coeli
572 522 668 592 atque
696 522 804 609 terrae
830 506 865 568 C.
885 503 1029 580 Gallum,
1055 499 1253 570 familiarori

125 621 232 705 patris
250 621 309 696 tui,
329 618 459 702 Scipio!
503 615 641 714 Quoties
662 616 754 678 illum
773 616 838 687 lux,
861 627 959 676 noctu
978 613 1105 698 aliquid
1129 613 1253 678 descri-

124 725 210 792 bere
235 727 436 811 ingressum,
465 723 593 811 quoties
618 743 684 785 nox
711 721 894 806 oppressit,
918 742 992 785 oum
1010 744 1106 784 mnne
1131 723 1254 808 coepis-

126 835 198 898 set!
220 854 314 918 quam
332 832 510 913 delectabat
532 852 623 904 eum,
648 829 853 892 defectiones
879 829 957 891 solis
985 842 1017 891 et
1038 831 1138 891 lunae
1159 834 1247 895 mutu

85 941 223 1014 fiouobis
242 955 317 1003 ante
336 940 545 1026 praedicere!
590 933 677 1035 Quid
697 937 731 998 in
753 935 931 1000 levioribus
961 935 1094 1013 studiis,
1131 939 1193 1001 sed
1211 955 1247 1002 ta·

126 1069 203 1112 men
216 1040 339 1110 acutis!
359 1067 455 1133 quam
471 1045 628 1130 gaudebat
646 1046 734 1107 bello
754 1066 812 1107 suo
831 1045 955 1106 Punico
975 1043 1138 1110 Naevius!
1161 1070 1251 1134 quan

127 1157 327 1220 Truculento
346 1154 500 1218 Plautus!
522 1176 615 1241 quam
633 1151 813 1225 Pseudolo!
846 1151 926 1221 Vidi
946 1152 1041 1216 etiam
1063 1176 1182 1243 senem'
1196 1157 1252 1221 Li·

95 1325 99 1340 ,
125 1264 229 1330 vium:
250 1265 395 1349 quicum
417 1263 585 1326 sexennis
605 1257 688 1336 ante,
710 1282 804 1348 quam
819 1279 880 1343 ego
895 1276 1091 1341 natussum,
1112 1265 1245 1329 fabulam

127 1368 306 1444 docuisset,
332 1374 477 1435 Centone
502 1370 729 1455 Tuditanoque
756 1355 958 1443 consulibus,
986 1389 1092 1457 usque
1123 1369 1164 1432 ad
1181 1371 1249 1434 ado·

54 1493 59 1499 ’
125 1479 316 1544 lescentiam
334 1477 752 1557 meemprocessitaetate.
783 1463 872 1573 Quid
886 1476 928 1538 de
947 1479 985 1540 P.
999 1477 1125 1541 Licinii
1140 1481 1245 1556 Crassi,

127 1578 164 1653 et
182 1587 341 1674 pontificii
360 1601 394 1651 et
412 1586 517 1650 civilis
539 1586 620 1648 iuris
647 1584 754 1647 studio
779 1582 917 1672 loquar?
951 1600 1006 1648 aut
1034 1584 1078 1648 de
1096 1577 1199 1649 liuius
1214 1593 1244 1654 P,

129 1697 304 1781 Scipionis,
329 1694 453 1781 quibis
471 1694 582 1777 paucis
602 1692 717 1756 diebus
731 1689 878 1775 pontifex
891 1693 1044 1754 maximus
1062 1691 1172 1756 fectus
1188 1697 1247 1758 est!

128 1803 229 1890 Atqui
252 1823 310 1866 eos
327 1823 460 1879 omnes,
483 1822 563 1887 quos
583 1798 848 1875 commemoravi,
866 1797 919 1862 his
941 1798 1058 1864 studiis
1079 1798 1249 1888 flagrantes

168 2033 551 2108 unusne-

97 2180 100 2187 ·
128 2141 267 2219 ntdocet
292 2158 452 2225 Graevius,
479 2147 512 2214 se
537 2168 567 2217 et
591 2174 672 2213 suam
707 2157 791 2214 locus
810 2169 863 2224 est,
883 2158 934 2214 sed
955 2171 1048 2232 atque.
1089 2161 1174 2244 Quae
1193 2165 1247 2239 qui.

128 2269 256 2317 mortem
275 2275 397 2323 curare,
417 2257 558 2330 neglectis
579 2255 672 2312 inaniss
709 2257 776 2312 dem
794 2259 839 2313 ris
855 2259 1050 2333 amplificandi
1068 2261 1108 2317 ita
1123 2281 1249 2319 nonnun-

128 2358 294 2416 busstudiis
308 2356 671 2432 etvoluptutibuspopuli,
709 2375 797 2432 quem
820 2357 992 2429 adhibetur,
1022 2365 1055 2416 ut
1078 2379 1139 2434 pro
1167 2373 1249 2418 tumen

121 2458 212 2535 ‚qrrod
241 2456 344 2513 Persio
377 2458 437 2513 Sat
468 2456 508 2514 V.
539 2463 584 2515 52.
611 2468 669 2513 est:
709 2458 805 2530 posita
832 2458 969 2513 videatur
997 2458 1068 2514 beee
1087 2463 1247 2533 particule3

59 2535 62 2540 Δ
132 2557 360 2618 Tecumlrubitu5
378 2539 461 2622 norr‘s,
478 2557 609 2628 quamsit
624 2558 672 2610 tibi
709 2535 842 2632 adeoipue
865 2557 925 2612 loci
945 2569 1013 2614 cunt
1036 2563 1192 2626 nonnulli,
1217 2563 1249 2621 de

129 2667 211 2710 curta
234 2656 364 2725 supellex.
417 2697 422 2703 .
709 2658 817 2732 quibus
835 2657 985 2730 ambigere
1004 2652 1121 2731 possit,
1157 2674 1252 2718 utrum

111 2776 114 2785 ’
166 2753 328 2822 describere]
360 2753 512 2813 derebus
539 2764 671 2810 astrono·
700 2756 782 2819 ,haee
802 2773 851 2829 eu.
869 2757 919 2814 illa
947 2757 1118 2831 significatio
1153 2763 1252 2834 potior

127 2853 212 2910 micis
231 2871 328 2908 sermo
348 2864 406 2922 est3
426 2852 555 2927 pertinet
574 2853 672 2926 itaquo
708 2857 755 2914 sit.
794 2857 906 2914 Confer
931 2856 992 2916 Cic.
1019 2858 1104 2916 Tusc.
1141 2861 1181 2921 V.
1208 2875 1252 2924 21,

127 2953 274 3017 describere
293 2951 330 3008 ad
342 2968 392 3007 res
403 2952 543 3007 coelestes
558 2969 671 3007 earum·
697 2934 759 3018 ⁴62:
781 2957 885 3010 Satisne
897 2959 1006 3012 videtur
1018 2959 1174 3015 declarasse
1186 2965 1250 3018 Die-

127 3071 186 3131 que
204 3054 324 3138 figures.
384 3114 395 3132 A
707 3060 818 3126 nysius,
844 3057 911 3110 nibil
930 3076 990 3135 ³este
1009 3059 1037 3112 ei
1061 3057 1191 3131 beatum,
1212 3066 1253 3117 cui

164 3167 190 3241 §.
217 3176 263 3231 50.
293 3167 362 3231 tello
392 3164 513 3235 Punico]
545 3152 593 3242 de,
613 3165 670 3224 1100
706 3177 811 3228 semper
836 3160 935 3245 uliquis
963 3170 1051 3212 terror
1074 3161 1252 3231 impendeat?

126 3267 231 3327 Naevii
245 3267 384 3333 carmine,
399 3277 433 3322 ut
444 3267 533 3340 paulo
546 3264 669 3331 infredo
706 3261 820 3333 Atque
853 3261 941 3313 eine
973 3261 1110 3334 integrum
1145 3265 1249 3336 quidem

125 3364 221 3424 Plauti
229 3365 340 3424 etLivii
348 3362 530 3420 fabulisvide
538 3365 671 3424 indutu.
707 3371 783 3424 erat.
810 3372 841 3414 er
868 3361 1058 3431 adjunctam
1076 3365 1244 3434 remigraret,

162 3465 244 3535 liujus
263 3465 296 3517 P.
318 3463 463 3535 Scipionis]
479 3481 519 3520 sc.
534 3462 668 3534 Nasicae,
706 3462 807 3515 civibus
825 3458 977 3514 libertatem
995 3472 1021 3514 et
1028 3463 1099 3530 jura
1113 3465 1248 3526 reddente

126 3559 409 3637 eloquentiis.
706 3562 794 3621 ond.
813 3558 936 3617 Heroid.
963 3560 986 3617 l.
1008 3569 1059 3623 28:

160 3661 246 3732 Atqui
271 3678 314 3713 eos
340 3659 449 3730 omnes]
480 3661 566 3715 Falso
595 3660 626 3718 h.
645 3660 666 3715 l.
741 3663 938 3717 lllioictasuis
957 3662 1046 3714 Trot‘u
1055 3663 1126 3732 satu
1139 3672 1252 3722 content,

121 3756 310 3823 Gerulterdus
323 3769 354 3818 et
365 3759 495 3832 Orellius
507 3759 666 3815 lectionem
740 3762 856 3834 Atque
880 3763 978 3833 uliquis
1003 3763 1095 3831 posito
1115 3771 1253 3816 monstret

37 3924 40 3929 ¹
114 3861 202 3932 -utqui
219 3867 349 3920 tuenmr.
387 3856 554 3913 Ascendere
584 3857 666 3914 enim
869 3901 872 3905 .
889 3863 956 3932 seru
969 3863 1082 3933 ‘proelia
1101 3881 1216 3932 mensa,

123 3959 156 4014 iu
174 3957 227 4014 hae
246 3956 388 4014 sententia
406 3955 444 4012 ad
461 3957 574 4028 majora
599 3975 667 4014 ora·
742 3961 836 4033 Pingit
855 3971 880 4015 et
901 3964 1000 4037 exiguo
1025 3963 1166 4033 Pergama
1193 3973 1254 4016 toto

15 4073 24 4081 ’
122 4057 251 4125 tionem,
275 4073 377 4124 nemo,
397 4055 523 4130 opinor,
544 4073 605 4113 nou
622 4054 667 4110 vi·
1123 4073 1212 4108 mero.

122 4155 190 4229 (ἰοῖς
210 4156 242 4215 iu
260 4163 393 4235 quo'nou
404 4154 565 4232 particulae
586 4155 668 4226 utqui
703 4148 754 4210 Sic
763 4151 860 4224 etiem,
875 4155 956 4234 quod
964 4154 1062 4217 obiter
1069 4155 1249 4221 monuerim,
