<?xml version="1.0" encoding="UTF-8"?>
<!DOCTYPE html PUBLIC "-//W3C//DTD XHTML 1.0 Transitional//EN"
    "http://www.w3.org/TR/xhtml1/DTD/xhtml1-transitional.dtd">
<html xmlns="http://www.w3.org/1999/xhtml" xml:lang="en" lang="en">
 <head>
  <title>
</title>
<meta http-equiv="Content-Type" content="text/html;charset=utf-8" />
  <meta name='ocr-system' content='tesseract 3.04.00' />
  <meta name='ocr-capabilities' content='ocr_page ocr_carea ocr_par ocr_line ocrx_word'/>
</head>
<body>
  <div class='ocr_page' id='page_1' title='image "./mtulliiciceroni16cicegoog_0027.png"; bbox 0 0 2654 4672; ppageno 0'>
   <div class='ocr_carea' id='block_1_1' title="bbox 144 375 846 474">
    <p class='ocr_par' dir='ltr' id='par_1_1' title="bbox 144 375 846 474">
     <span class='ocr_line' id='line_1_1' title="bbox 144 375 846 474; baseline -0.007 -29"><span class='ocrx_word' id='word_1_1' title='bbox 144 375 185 446; x_wconf 76' lang='lat'>14</span> <span class='ocrx_word' id='word_1_2' title='bbox 243 397 246 404; x_wconf 52' lang='lat'><strong><em>⁴</em></strong></span> <span class='ocrx_word' id='word_1_3' title='bbox 315 389 333 474; x_wconf 64' lang='lat'>&#39;.</span> <span class='ocrx_word' id='word_1_4' title='bbox 554 377 671 444; x_wconf 71' lang='lat' dir='ltr'>cauo</span> <span class='ocrx_word' id='word_1_5' title='bbox 705 377 846 445; x_wconf 77' lang='lat' dir='ltr'><strong>MAIOR</strong></span> 
     </span>
    </p>
   </div>
   <div class='ocr_carea' id='block_1_2' title="bbox 44 542 1300 2899">
    <p class='ocr_par' dir='ltr' id='par_1_2' title="bbox 44 542 1300 2899">
     <span class='ocr_line' id='line_1_2' title="bbox 143 542 1283 632; baseline -0.004 -25"><span class='ocrx_word' id='word_1_6' title='bbox 143 565 206 632; x_wconf 91' lang='lat' dir='ltr'>que</span> <span class='ocrx_word' id='word_1_7' title='bbox 228 543 482 630; x_wconf 71' lang='lat' dir='ltr'>quinquennium</span> <span class='ocrx_word' id='word_1_8' title='bbox 511 559 642 628; x_wconf 83' lang='lat' dir='ltr'>postea:</span> <span class='ocrx_word' id='word_1_9' title='bbox 674 543 765 626; x_wconf 84' lang='lat' dir='ltr'>eujus</span> <span class='ocrx_word' id='word_1_10' title='bbox 792 543 962 626; x_wconf 82' lang='lat' dir='ltr'>magister,</span> <span class='ocrx_word' id='word_1_11' title='bbox 984 542 1283 610; x_wconf 65' lang='lat' dir='ltr'>Leontinquor.</span> 
     </span>
     <span class='ocr_line' id='line_1_3' title="bbox 142 652 1296 738; baseline -0.001 -24"><span class='ocrx_word' id='word_1_12' title='bbox 142 653 229 737; x_wconf 75' lang='lat' dir='ltr'>gine,</span> <span class='ocrx_word' id='word_1_13' title='bbox 266 667 396 715; x_wconf 89' lang='lat' dir='ltr'>centum</span> <span class='ocrx_word' id='word_1_14' title='bbox 422 668 455 716; x_wconf 90' lang='lat' dir='ltr'>et</span> <span class='ocrx_word' id='word_1_15' title='bbox 482 667 607 735; x_wconf 82' lang='lat' dir='ltr'><strong>septem</strong></span> <span class='ocrx_word' id='word_1_16' title='bbox 629 652 804 734; x_wconf 82' lang='lat' dir='ltr'>complevit</span> <span class='ocrx_word' id='word_1_17' title='bbox 825 673 944 728; x_wconf 80' lang='lat' dir='ltr'>annos,</span> <span class='ocrx_word' id='word_1_18' title='bbox 981 670 1089 736; x_wconf 87' lang='lat' dir='ltr'>neque</span> <span class='ocrx_word' id='word_1_19' title='bbox 1119 672 1296 738; x_wconf 82' lang='lat' dir='ltr'>umquam.</span> 
     </span>
     <span class='ocr_line' id='line_1_4' title="bbox 141 759 1268 856; baseline -0.001 -31"><span class='ocrx_word' id='word_1_20' title='bbox 141 764 179 825; x_wconf 92' lang='lat' dir='ltr'>in</span> <span class='ocrx_word' id='word_1_21' title='bbox 212 781 270 823; x_wconf 87' lang='lat' dir='ltr'>suo</span> <span class='ocrx_word' id='word_1_22' title='bbox 307 761 415 824; x_wconf 77' lang='lat' dir='ltr'>studio</span> <span class='ocrx_word' id='word_1_23' title='bbox 452 775 547 844; x_wconf 87' lang='lat' dir='ltr'>atque</span> <span class='ocrx_word' id='word_1_24' title='bbox 585 776 685 844; x_wconf 88' lang='lat' dir='ltr'>opere</span> <span class='ocrx_word' id='word_1_25' title='bbox 722 760 871 822; x_wconf 84' lang='lat' dir='ltr'>cessavit.</span> <span class='ocrx_word' id='word_1_26' title='bbox 921 759 1004 856; x_wconf 74' lang='lat' dir='ltr'>Qui,</span> <span class='ocrx_word' id='word_1_27' title='bbox 1049 779 1123 822; x_wconf 90' lang='lat' dir='ltr'>cum</span> <span class='ocrx_word' id='word_1_28' title='bbox 1156 780 1200 821; x_wconf 86' lang='lat' dir='ltr'>ex</span> <span class='ocrx_word' id='word_1_29' title='bbox 1230 781 1268 824; x_wconf 92' lang='lat' dir='ltr'>eo</span> 
     </span>
     <span class='ocr_line' id='line_1_5' title="bbox 143 865 1263 956; baseline -0.001 -25"><span class='ocrx_word' id='word_1_30' title='bbox 143 884 375 956; x_wconf 78' lang='lat' dir='ltr'>quaereretur,</span> <span class='ocrx_word' id='word_1_31' title='bbox 406 889 464 932; x_wconf 89' lang='lat' dir='ltr'>cur</span> <span class='ocrx_word' id='word_1_32' title='bbox 494 867 616 931; x_wconf 88' lang='lat' dir='ltr'>tamdiu</span> <span class='ocrx_word' id='word_1_33' title='bbox 641 868 740 930; x_wconf 84' lang='lat' dir='ltr'>vellet</span> <span class='ocrx_word' id='word_1_34' title='bbox 768 867 895 930; x_wconf 81' lang='lat' dir='ltr'>esseio</span> <span class='ocrx_word' id='word_1_35' title='bbox 921 866 1001 930; x_wconf 74' lang='lat' dir='ltr'>vita?</span> <span class='ocrx_word' id='word_1_36' title='bbox 1031 865 1128 928; x_wconf 82' lang='lat' dir='ltr'>Nihil</span> <span class='ocrx_word' id='word_1_37' title='bbox 1151 865 1263 943; x_wconf 75' lang='lat' dir='ltr'>habeo,</span> 
     </span>
     <span class='ocr_line' id='line_1_6' title="bbox 144 969 1268 1065; baseline 0.001 -26"><span class='ocrx_word' id='word_1_38' title='bbox 144 978 265 1062; x_wconf 86' lang='lat' dir='ltr'>inquit,</span> <span class='ocrx_word' id='word_1_39' title='bbox 295 975 386 1056; x_wconf 82' lang='lat' dir='ltr'>quod</span> <span class='ocrx_word' id='word_1_40' title='bbox 411 978 560 1037; x_wconf 82' lang='lat' dir='ltr'>incusem</span> <span class='ocrx_word' id='word_1_41' title='bbox 585 981 799 1040; x_wconf 87' lang='lat' dir='ltr'>senectutem.</span> <span class='ocrx_word' id='word_1_42' title='bbox 848 969 1268 1065; x_wconf 48' lang='lat' dir='ltr'>Praeclarum&#39;responsum</span> 
     </span>
     <span class='ocr_line' id='line_1_7' title="bbox 105 1056 1268 1169; baseline -0.001 -19"><span class='ocrx_word' id='word_1_43' title='bbox 105 1088 179 1158; x_wconf 76' lang='lat' dir='ltr'>1ltet</span> <span class='ocrx_word' id='word_1_44' title='bbox 205 1081 300 1150; x_wconf 84' lang='lat' dir='ltr'>docto</span> <span class='ocrx_word' id='word_1_45' title='bbox 327 1084 459 1146; x_wconf 89' lang='lat' dir='ltr'>homine</span> <span class='ocrx_word' id='word_1_46' title='bbox 486 1084 640 1169; x_wconf 82' lang='lat' dir='ltr'>dignum!</span> <span class='ocrx_word' id='word_1_47' title='bbox 689 1085 752 1145; x_wconf 87' lang='lat' dir='ltr'>Sua</span> <span class='ocrx_word' id='word_1_48' title='bbox 786 1081 873 1144; x_wconf 90' lang='lat' dir='ltr'>enim</span> <span class='ocrx_word' id='word_1_49' title='bbox 905 1081 982 1145; x_wconf 83' lang='lat' dir='ltr'>vitia</span> <span class='ocrx_word' id='word_1_50' title='bbox 1014 1056 1209 1166; x_wconf 76' lang='lat' dir='ltr'>insipientes</span> <span class='ocrx_word' id='word_1_51' title='bbox 1238 1100 1268 1149; x_wconf 87' lang='lat' dir='ltr'>et</span> 
     </span>
     <span class='ocr_line' id='line_1_8' title="bbox 56 1188 1269 1287; baseline -0.001 -30"><span class='ocrx_word' id='word_1_52' title='bbox 56 1280 62 1287; x_wconf 47' lang='lat'><em>,</em></span> <span class='ocrx_word' id='word_1_53' title='bbox 145 1216 234 1257; x_wconf 83' lang='lat' dir='ltr'>suam</span> <span class='ocrx_word' id='word_1_54' title='bbox 262 1193 388 1277; x_wconf 80' lang='lat' dir='ltr'>culpam</span> <span class='ocrx_word' id='word_1_55' title='bbox 415 1192 450 1254; x_wconf 90' lang='lat' dir='ltr'>in</span> <span class='ocrx_word' id='word_1_56' title='bbox 480 1207 680 1255; x_wconf 82' lang='lat' dir='ltr'>senectutem</span> <span class='ocrx_word' id='word_1_57' title='bbox 709 1190 895 1272; x_wconf 86' lang='lat' dir='ltr'>conserunt.</span> <span class='ocrx_word' id='word_1_58' title='bbox 940 1188 1038 1287; x_wconf 72' lang='lat' dir='ltr'>Quod</span> <span class='ocrx_word' id='word_1_59' title='bbox 1075 1191 1269 1256; x_wconf 81' lang='lat' dir='ltr'>nonfacie-</span> 
     </span>
     <span class='ocr_line' id='line_1_9' title="bbox 142 1297 962 1375; baseline -0.007 -11"><span class='ocrx_word' id='word_1_60' title='bbox 142 1300 198 1365; x_wconf 84' lang='lat' dir='ltr'>bat</span> <span class='ocrx_word' id='word_1_61' title='bbox 219 1302 257 1375; x_wconf 83' lang='lat' dir='ltr'>is,</span> <span class='ocrx_word' id='word_1_62' title='bbox 281 1301 372 1364; x_wconf 86' lang='lat' dir='ltr'>ouius</span> <span class='ocrx_word' id='word_1_63' title='bbox 389 1298 487 1363; x_wconf 82' lang='lat' dir='ltr'>modo</span> <span class='ocrx_word' id='word_1_64' title='bbox 506 1300 703 1362; x_wconf 84' lang='lat' dir='ltr'>mentionem</span> <span class='ocrx_word' id='word_1_65' title='bbox 720 1297 797 1373; x_wconf 86' lang='lat' dir='ltr'>feci,</span> <span class='ocrx_word' id='word_1_66' title='bbox 821 1299 962 1371; x_wconf 82' lang='lat' dir='ltr'>Ennius,</span> 
     </span>
     <span class='ocr_line' id='line_1_10' title="bbox 189 1384 1048 1489; baseline -0.005 -19"><span class='ocrx_word' id='word_1_67' title='bbox 189 1407 285 1470; x_wconf 85' lang='lat' dir='ltr'>Sicut</span> <span class='ocrx_word' id='word_1_68' title='bbox 298 1401 405 1488; x_wconf 86' lang='lat' dir='ltr'>fortis</span> <span class='ocrx_word' id='word_1_69' title='bbox 424 1426 539 1489; x_wconf 86' lang='lat' dir='ltr'>equus,</span> <span class='ocrx_word' id='word_1_70' title='bbox 560 1384 675 1487; x_wconf 81' lang='lat' dir='ltr'>spatio</span> <span class='ocrx_word' id='word_1_71' title='bbox 694 1407 751 1486; x_wconf 66' lang='lat' dir='ltr'>(qui</span> <span class='ocrx_word' id='word_1_72' title='bbox 769 1422 1048 1484; x_wconf 82' lang='lat' dir='ltr'>saepesupremo</span> 
     </span>
     <span class='ocr_line' id='line_1_11' title="bbox 143 1507 1051 1595; baseline -0.003 -19"><span class='ocrx_word' id='word_1_73' title='bbox 143 1556 147 1563; x_wconf 88' lang='lat'>·</span> <span class='ocrx_word' id='word_1_74' title='bbox 190 1514 279 1576; x_wconf 83' lang='lat' dir='ltr'>Vicit</span> <span class='ocrx_word' id='word_1_75' title='bbox 300 1515 471 1595; x_wconf 81' lang='lat' dir='ltr'>Olympia,</span> <span class='ocrx_word' id='word_1_76' title='bbox 491 1535 583 1577; x_wconf 88' lang='lat' dir='ltr'>nunc</span> <span class='ocrx_word' id='word_1_77' title='bbox 601 1515 694 1575; x_wconf 88' lang='lat' dir='ltr'>senio</span> <span class='ocrx_word' id='word_1_78' title='bbox 714 1507 880 1594; x_wconf 86' lang='lat' dir='ltr'>confectu’</span> <span class='ocrx_word' id='word_1_79' title='bbox 894 1508 1051 1594; x_wconf 78' lang='lat' dir='ltr'>quiescit.</span> 
     </span>
     <span class='ocr_line' id='line_1_12' title="bbox 143 1613 1269 1711; baseline 0.002 -26"><span class='ocrx_word' id='word_1_80' title='bbox 143 1623 230 1706; x_wconf 88' lang='lat' dir='ltr'>Equi</span> <span class='ocrx_word' id='word_1_81' title='bbox 250 1613 348 1686; x_wconf 84' lang='lat' dir='ltr'>fortis</span> <span class='ocrx_word' id='word_1_82' title='bbox 368 1637 403 1685; x_wconf 89' lang='lat' dir='ltr'>et</span> <span class='ocrx_word' id='word_1_83' title='bbox 424 1623 559 1686; x_wconf 80' lang='lat' dir='ltr'>victoris</span> <span class='ocrx_word' id='word_1_84' title='bbox 584 1621 745 1685; x_wconf 87' lang='lat' dir='ltr'>senectuti</span> <span class='ocrx_word' id='word_1_85' title='bbox 767 1635 931 1703; x_wconf 89' lang='lat' dir='ltr'>comparat</span> <span class='ocrx_word' id='word_1_86' title='bbox 950 1642 1054 1685; x_wconf 84' lang='lat' dir='ltr'>suam:</span> <span class='ocrx_word' id='word_1_87' title='bbox 1086 1644 1185 1709; x_wconf 87' lang='lat' dir='ltr'>quem</span> <span class='ocrx_word' id='word_1_88' title='bbox 1204 1623 1269 1711; x_wconf 87' lang='lat' dir='ltr'>qui·</span> 
     </span>
     <span class='ocr_line' id='line_1_13' title="bbox 145 1726 1273 1814; baseline 0.004 -22"><span class='ocrx_word' id='word_1_89' title='bbox 145 1729 221 1793; x_wconf 87' lang='lat' dir='ltr'>dem</span> <span class='ocrx_word' id='word_1_90' title='bbox 250 1731 356 1814; x_wconf 87' lang='lat' dir='ltr'>probe</span> <span class='ocrx_word' id='word_1_91' title='bbox 385 1726 572 1792; x_wconf 83' lang='lat' dir='ltr'>meminisse</span> <span class='ocrx_word' id='word_1_92' title='bbox 597 1728 746 1813; x_wconf 86' lang='lat' dir='ltr'>potestis.</span> <span class='ocrx_word' id='word_1_93' title='bbox 791 1729 886 1792; x_wconf 81' lang='lat' dir='ltr'>Anno</span> <span class='ocrx_word' id='word_1_94' title='bbox 914 1729 1001 1791; x_wconf 87' lang='lat' dir='ltr'>enim</span> <span class='ocrx_word' id='word_1_95' title='bbox 1029 1731 1273 1798; x_wconf 79' lang='lat' dir='ltr'>undevicesimo</span> 
     </span>
     <span class='ocr_line' id='line_1_14' title="bbox 145 1837 1274 1924; baseline 0.003 -23"><span class='ocrx_word' id='word_1_96' title='bbox 145 1855 223 1924; x_wconf 85' lang='lat' dir='ltr'>post</span> <span class='ocrx_word' id='word_1_97' title='bbox 240 1839 310 1901; x_wconf 88' lang='lat' dir='ltr'>eius</span> <span class='ocrx_word' id='word_1_98' title='bbox 327 1853 482 1914; x_wconf 84' lang='lat' dir='ltr'>mortem,</span> <span class='ocrx_word' id='word_1_99' title='bbox 504 1837 541 1900; x_wconf 94' lang='lat' dir='ltr'>hi</span> <span class='ocrx_word' id='word_1_100' title='bbox 559 1838 731 1914; x_wconf 90' lang='lat' dir='ltr'>consules,</span> <span class='ocrx_word' id='word_1_101' title='bbox 756 1841 795 1903; x_wconf 87' lang='grc' dir='ltr'>Τ.</span> <span class='ocrx_word' id='word_1_102' title='bbox 816 1838 1016 1901; x_wconf 83' lang='lat' dir='ltr'>Flamininus</span> <span class='ocrx_word' id='word_1_103' title='bbox 1040 1837 1073 1902; x_wconf 83' lang='lat' dir='ltr'>et</span> <span class='ocrx_word' id='word_1_104' title='bbox 1089 1838 1274 1918; x_wconf 67' lang='lat' dir='ltr'>simonius,</span> 
     </span>
     <span class='ocr_line' id='line_1_15' title="bbox 146 1920 1274 2038; baseline -0.001 -29"><span class='ocrx_word' id='word_1_105' title='bbox 146 1946 227 2010; x_wconf 86' lang='lat' dir='ltr'>fecti</span> <span class='ocrx_word' id='word_1_106' title='bbox 253 1961 345 2009; x_wconf 80' lang='lat' dir='ltr'>suntt</span> <span class='ocrx_word' id='word_1_107' title='bbox 372 1920 431 2007; x_wconf 77' lang='lat' dir='ltr'>tite</span> <span class='ocrx_word' id='word_1_108' title='bbox 461 1960 569 2008; x_wconf 87' lang='lat' dir='ltr'>autem</span> <span class='ocrx_word' id='word_1_109' title='bbox 600 1945 764 2029; x_wconf 82' lang='lat' dir='ltr'>Caepione</span> <span class='ocrx_word' id='word_1_110' title='bbox 794 1960 828 2038; x_wconf 77' lang='lat' dir='ltr'>et</span> <span class='ocrx_word' id='word_1_111' title='bbox 848 1945 1004 2030; x_wconf 90' lang='lat' dir='ltr'>Philippo</span> <span class='ocrx_word' id='word_1_112' title='bbox 1034 1948 1168 2023; x_wconf 85' lang='lat' dir='ltr'>iterum,</span> <span class='ocrx_word' id='word_1_113' title='bbox 1197 1965 1274 2010; x_wconf 89' lang='lat' dir='ltr'>con-</span> 
     </span>
     <span class='ocr_line' id='line_1_16' title="bbox 149 2052 1276 2139; baseline 0.002 -23"><span class='ocrx_word' id='word_1_114' title='bbox 149 2053 292 2130; x_wconf 83' lang='lat' dir='ltr'>sulibus,</span> <span class='ocrx_word' id='word_1_115' title='bbox 314 2069 464 2137; x_wconf 73' lang='lat' dir='ltr'>mortuus</span> <span class='ocrx_word' id='word_1_116' title='bbox 484 2067 552 2118; x_wconf 86' lang='lat' dir='ltr'>est:</span> <span class='ocrx_word' id='word_1_117' title='bbox 574 2072 647 2116; x_wconf 87' lang='lat' dir='ltr'>oum</span> <span class='ocrx_word' id='word_1_118' title='bbox 669 2073 730 2138; x_wconf 80' lang='lat' dir='ltr'>ego</span> <span class='ocrx_word' id='word_1_119' title='bbox 752 2052 901 2139; x_wconf 86' lang='lat' dir='ltr'>quidem,</span> <span class='ocrx_word' id='word_1_120' title='bbox 924 2075 946 2112; x_wconf 85' lang='lat' dir='ltr'><strong>v</strong></span> <span class='ocrx_word' id='word_1_121' title='bbox 973 2068 1005 2118; x_wconf 88' lang='lat' dir='ltr'>et</span> <span class='ocrx_word' id='word_1_122' title='bbox 1030 2075 1073 2114; x_wconf 82' lang='lat' dir='ltr'>ux</span> <span class='ocrx_word' id='word_1_123' title='bbox 1093 2064 1199 2118; x_wconf 65' lang='lat' dir='ltr'>annot</span> <span class='ocrx_word' id='word_1_124' title='bbox 1220 2077 1276 2118; x_wconf 87' lang='lat' dir='ltr'>na-</span> 
     </span>
     <span class='ocr_line' id='line_1_17' title="bbox 151 2160 1300 2247; baseline 0.002 -22"><span class='ocrx_word' id='word_1_125' title='bbox 151 2175 218 2237; x_wconf 83' lang='lat' dir='ltr'>tus,</span> <span class='ocrx_word' id='word_1_126' title='bbox 247 2162 355 2246; x_wconf 79' lang='lat' dir='ltr'>legem</span> <span class='ocrx_word' id='word_1_127' title='bbox 375 2161 556 2230; x_wconf 84' lang='lat' dir='ltr'>Voconiam</span> <span class='ocrx_word' id='word_1_128' title='bbox 576 2181 656 2225; x_wconf 80' lang='lat' dir='ltr'>voce</span> <span class='ocrx_word' id='word_1_129' title='bbox 689 2183 803 2247; x_wconf 78' lang='lat' dir='ltr'>magna</span> <span class='ocrx_word' id='word_1_130' title='bbox 831 2177 865 2225; x_wconf 92' lang='lat' dir='ltr'>et</span> <span class='ocrx_word' id='word_1_131' title='bbox 892 2160 987 2224; x_wconf 84' lang='lat' dir='ltr'>honis</span> <span class='ocrx_word' id='word_1_132' title='bbox 1015 2161 1175 2227; x_wconf 83' lang='lat' dir='ltr'>lateribus</span> <span class='ocrx_word' id='word_1_133' title='bbox 1208 2186 1300 2227; x_wconf 81' lang='lat' dir='ltr'>sur·-</span> 
     </span>
     <span class='ocr_line' id='line_1_18' title="bbox 44 2270 1276 2351; baseline 0.002 -18"><span class='ocrx_word' id='word_1_134' title='bbox 44 2304 47 2308; x_wconf 43' lang='grc'>’</span> <span class='ocrx_word' id='word_1_135' title='bbox 152 2270 279 2333; x_wconf 65' lang='lat' dir='ltr'>bissem.</span> <span class='ocrx_word' id='word_1_136' title='bbox 320 2271 444 2351; x_wconf 78' lang='lat' dir='ltr'>Annos¹</span> <span class='ocrx_word' id='word_1_137' title='bbox 462 2274 527 2331; x_wconf 74' lang='lat' dir='ltr'>u&#39;xx</span> <span class='ocrx_word' id='word_1_138' title='bbox 557 2287 649 2339; x_wconf 80' lang='lat' dir='ltr'>natus</span> <span class='ocrx_word' id='word_1_139' title='bbox 674 2305 717 2320; x_wconf 89' lang='lat'>·-</span> <span class='ocrx_word' id='word_1_140' title='bbox 743 2287 793 2335; x_wconf 88' lang='lat' dir='ltr'>tot</span> <span class='ocrx_word' id='word_1_141' title='bbox 816 2273 901 2334; x_wconf 88' lang='lat' dir='ltr'>enim</span> <span class='ocrx_word' id='word_1_142' title='bbox 922 2271 1006 2336; x_wconf 81' lang='lat' dir='ltr'>vixit</span> <span class='ocrx_word' id='word_1_143' title='bbox 1025 2272 1151 2334; x_wconf 84' lang='lat' dir='ltr'>Ennius</span> <span class='ocrx_word' id='word_1_144' title='bbox 1171 2305 1213 2317; x_wconf 94' lang='lat'><em>-</em></span> <span class='ocrx_word' id='word_1_145' title='bbox 1235 2273 1276 2336; x_wconf 86' lang='lat' dir='ltr'>ita</span> 
     </span>
     <span class='ocr_line' id='line_1_19' title="bbox 151 2367 1278 2468; baseline -0.002 -26"><span class='ocrx_word' id='word_1_146' title='bbox 151 2374 282 2442; x_wconf 75' lang='lat' dir='ltr'>¹ferebat</span> <span class='ocrx_word' id='word_1_147' title='bbox 296 2367 392 2457; x_wconf 53' lang='lat' dir='ltr'>‘dum</span> <span class='ocrx_word' id='word_1_148' title='bbox 406 2389 412 2396; x_wconf 84' lang='lat'><strong><em>&#39;</em></strong></span> <span class='ocrx_word' id='word_1_149' title='bbox 425 2400 509 2468; x_wconf 84' lang='lat' dir='ltr'>quae</span> <span class='ocrx_word' id='word_1_150' title='bbox 537 2381 674 2442; x_wconf 86' lang='lat' dir='ltr'>maxima</span> <span class='ocrx_word' id='word_1_151' title='bbox 700 2394 868 2463; x_wconf 82' lang='lat' dir='ltr'>putantur,</span> <span class='ocrx_word' id='word_1_152' title='bbox 905 2400 1024 2454; x_wconf 87' lang='lat' dir='ltr'>onera,</span> <span class='ocrx_word' id='word_1_153' title='bbox 1055 2392 1278 2463; x_wconf 80' lang='lat' dir='ltr'>paupertatem</span> 
     </span>
     <span class='ocr_line' id='line_1_20' title="bbox 154 2470 1280 2575; baseline 0 -27"><span class='ocrx_word' id='word_1_154' title='bbox 154 2500 190 2550; x_wconf 88' lang='lat' dir='ltr'>et</span> <span class='ocrx_word' id='word_1_155' title='bbox 215 2470 433 2566; x_wconf 69' lang='lat' dir='ltr'>senectiitem,</span> <span class='ocrx_word' id='word_1_156' title='bbox 473 2502 510 2552; x_wconf 88' lang='lat' dir='ltr'>ut</span> <span class='ocrx_word' id='word_1_157' title='bbox 544 2487 593 2551; x_wconf 85' lang='lat' dir='ltr'>eis</span> <span class='ocrx_word' id='word_1_158' title='bbox 629 2509 735 2575; x_wconf 87' lang='lat' dir='ltr'>paene</span> <span class='ocrx_word' id='word_1_159' title='bbox 769 2486 924 2550; x_wconf 86' lang='lat' dir='ltr'>delectari</span> <span class='ocrx_word' id='word_1_160' title='bbox 959 2487 1140 2553; x_wconf 82' lang='lat' dir='ltr'>rideretur.</span> <span class='ocrx_word' id='word_1_161' title='bbox 1173 2519 1217 2534; x_wconf 86' lang='lat'>-</span> <span class='ocrx_word' id='word_1_162' title='bbox 1242 2519 1280 2534; x_wconf 94' lang='lat'>-</span> 
     </span>
     <span class='ocr_line' id='line_1_21' title="bbox 113 2592 1280 2687; baseline -0.004 -26"><span class='ocrx_word' id='word_1_163' title='bbox 113 2592 302 2687; x_wconf 82' lang='lat' dir='ltr'>15Etenim,</span> <span class='ocrx_word' id='word_1_164' title='bbox 331 2617 404 2659; x_wconf 90' lang='lat' dir='ltr'>cum</span> <span class='ocrx_word' id='word_1_165' title='bbox 425 2599 630 2681; x_wconf 88' lang='lat' dir='ltr'>contemplor</span> <span class='ocrx_word' id='word_1_166' title='bbox 655 2598 781 2672; x_wconf 84' lang='lat' dir='ltr'>animo,</span> <span class='ocrx_word' id='word_1_167' title='bbox 812 2596 946 2680; x_wconf 87' lang='lat' dir='ltr'>reperio</span> <span class='ocrx_word' id='word_1_168' title='bbox 975 2609 1127 2679; x_wconf 84' lang='lat' dir='ltr'>quattuor</span> <span class='ocrx_word' id='word_1_169' title='bbox 1158 2612 1280 2669; x_wconf 83' lang='lat' dir='ltr'>causas,</span> 
     </span>
     <span class='ocr_line' id='line_1_22' title="bbox 153 2701 1283 2789; baseline -0.003 -22"><span class='ocrx_word' id='word_1_170' title='bbox 153 2722 214 2767; x_wconf 88' lang='lat' dir='ltr'>cur</span> <span class='ocrx_word' id='word_1_171' title='bbox 234 2720 385 2769; x_wconf 80' lang='lat' dir='ltr'>senectus</span> <span class='ocrx_word' id='word_1_172' title='bbox 406 2705 525 2769; x_wconf 89' lang='lat' dir='ltr'>misera</span> <span class='ocrx_word' id='word_1_173' title='bbox 544 2705 709 2770; x_wconf 68' lang='lat' dir='ltr'>videatur:</span> <span class='ocrx_word' id='word_1_174' title='bbox 739 2726 849 2779; x_wconf 87' lang='lat' dir='ltr'>unam,</span> <span class='ocrx_word' id='word_1_175' title='bbox 878 2701 967 2789; x_wconf 83' lang='lat' dir='ltr'>quod</span> <span class='ocrx_word' id='word_1_176' title='bbox 993 2716 1107 2772; x_wconf 85' lang='lat' dir='ltr'>avocet</span> <span class='ocrx_word' id='word_1_177' title='bbox 1138 2725 1157 2766; x_wconf 85' lang='lat' dir='ltr'>a</span> <span class='ocrx_word' id='word_1_178' title='bbox 1186 2703 1283 2765; x_wconf 82' lang='lat' dir='ltr'>rebus</span> 
     </span>
     <span class='ocr_line' id='line_1_23' title="bbox 154 2796 1281 2899; baseline 0.002 -25"><span class='ocrx_word' id='word_1_179' title='bbox 154 2809 310 2896; x_wconf 82' lang='lat' dir='ltr'>gerendis</span> <span class='ocrx_word' id='word_1_180' title='bbox 317 2833 327 2892; x_wconf 85' lang='lat'>3</span> <span class='ocrx_word' id='word_1_181' title='bbox 357 2813 506 2890; x_wconf 82' lang='lat' dir='ltr'>alterum,</span> <span class='ocrx_word' id='word_1_182' title='bbox 541 2811 629 2899; x_wconf 86' lang='lat' dir='ltr'>quod</span> <span class='ocrx_word' id='word_1_183' title='bbox 655 2832 774 2898; x_wconf 75' lang='lat' dir='ltr'>corpus</span> <span class='ocrx_word' id='word_1_184' title='bbox 802 2809 901 2875; x_wconf 86' lang='lat' dir='ltr'>faciat</span> <span class='ocrx_word' id='word_1_185' title='bbox 928 2796 1109 2893; x_wconf 56' lang='lat' dir='ltr'>infirmium</span> <span class='ocrx_word' id='word_1_186' title='bbox 1144 2810 1281 2890; x_wconf 79' lang='lat' dir='ltr'>tentam,</span> 
     </span>
    </p>
   </div>
   <div class='ocr_carea' id='block_1_3' title="bbox 100 2990 367 3015">
    <p class='ocr_par' dir='ltr' id='par_1_3' title="bbox 100 2990 367 3015">
     <span class='ocr_line' id='line_1_24' title="bbox 100 2990 367 3015; baseline 0.007 -3"><span class='ocrx_word' id='word_1_187' title='bbox 100 2997 106 3012; x_wconf 76' lang='lat' dir='ltr'>t</span> <span class='ocrx_word' id='word_1_188' title='bbox 155 2990 367 3015; x_wconf 46' lang='grc' dir='ltr'><strong>ῃ</strong></span> 
     </span>
    </p>
   </div>
   <div class='ocr_carea' id='block_1_4' title="bbox 156 3100 1221 3222">
    <p class='ocr_par' dir='ltr' id='par_1_4' title="bbox 156 3100 1221 3222">
     <span class='ocr_line' id='line_1_25' title="bbox 156 3100 1221 3222; baseline 0.006 -26"><span class='ocrx_word' id='word_1_189' title='bbox 156 3175 160 3185; x_wconf 85' lang='lat'><em>·</em></span> <span class='ocrx_word' id='word_1_190' title='bbox 198 3147 244 3203; x_wconf 82' lang='lat'>15.</span> <span class='ocrx_word' id='word_1_191' title='bbox 259 3217 261 3222; x_wconf 89' lang='lat'><strong>.</strong></span> <span class='ocrx_word' id='word_1_192' title='bbox 278 3142 443 3212; x_wconf 82' lang='lat' dir='ltr'>complector</span> <span class='ocrx_word' id='word_1_193' title='bbox 468 3144 562 3198; x_wconf 85' lang='lat' dir='ltr'>animo</span> <span class='ocrx_word' id='word_1_194' title='bbox 586 3143 620 3199; x_wconf 85' lang='lat' dir='ltr'>E.</span> <span class='ocrx_word' id='word_1_195' title='bbox 646 3144 679 3204; x_wconf 86' lang='lat' dir='ltr'>b.</span> <span class='ocrx_word' id='word_1_196' title='bbox 705 3146 743 3205; x_wconf 90' lang='grc' dir='ltr'>Β.</span> <span class='ocrx_word' id='word_1_197' title='bbox 768 3160 793 3200; x_wconf 81' lang='lat' dir='ltr'>e·</span> <span class='ocrx_word' id='word_1_198' title='bbox 818 3162 846 3201; x_wconf 88' lang='lat' dir='ltr'>v.</span> <span class='ocrx_word' id='word_1_199' title='bbox 872 3141 903 3201; x_wconf 83' lang='lat' dir='ltr'>S.</span> <span class='ocrx_word' id='word_1_200' title='bbox 929 3141 969 3201; x_wconf 88' lang='lat' dir='ltr'>V.</span> <span class='ocrx_word' id='word_1_201' title='bbox 988 3159 1028 3199; x_wconf 89' lang='lat' dir='ltr'>m.</span> <span class='ocrx_word' id='word_1_202' title='bbox 1053 3141 1149 3202; x_wconf 60' lang='lat' dir='ltr'>Met.</span> <span class='ocrx_word' id='word_1_203' title='bbox 1215 3100 1221 3111; x_wconf 31' lang='grc' dir='ltr'>ι</span> 
     </span>
    </p>
   </div>
   <div class='ocr_carea' id='block_1_5' title="bbox 156 3277 1293 4087">
    <p class='ocr_par' dir='ltr' id='par_1_5' title="bbox 156 3277 1288 3563">
     <span class='ocr_line' id='line_1_26' title="bbox 197 3277 1282 3369; baseline -0.002 -23"><span class='ocrx_word' id='word_1_204' title='bbox 197 3289 221 3361; x_wconf 69' lang='lat' dir='ltr'>t.</span> <span class='ocrx_word' id='word_1_205' title='bbox 244 3300 288 3351; x_wconf 81' lang='lat'>14.</span> <span class='ocrx_word' id='word_1_206' title='bbox 302 3328 304 3337; x_wconf 32' lang='grc' dir='ltr'><strong><em>ι</em></strong></span> <span class='ocrx_word' id='word_1_207' title='bbox 320 3291 387 3369; x_wconf 86' lang='lat' dir='ltr'>vicit</span> <span class='ocrx_word' id='word_1_208' title='bbox 413 3291 561 3364; x_wconf 82' lang='lat' dir='ltr'>Olympio]</span> <span class='ocrx_word' id='word_1_209' title='bbox 587 3292 624 3352; x_wconf 88' lang='lat' dir='ltr'>de</span> <span class='ocrx_word' id='word_1_210' title='bbox 649 3294 704 3350; x_wconf 85' lang='lat' dir='ltr'>hae</span> <span class='ocrx_word' id='word_1_211' title='bbox 740 3301 979 3368; x_wconf 78' lang='lat' dir='ltr'>quumaugetur3</span> <span class='ocrx_word' id='word_1_212' title='bbox 995 3292 1058 3363; x_wconf 76' lang='lat' dir='ltr'>fere</span> <span class='ocrx_word' id='word_1_213' title='bbox 1076 3303 1185 3360; x_wconf 85' lang='lat' dir='ltr'>autem,</span> <span class='ocrx_word' id='word_1_214' title='bbox 1200 3277 1282 3364; x_wconf 75' lang='lat' dir='ltr'>quod</span> 
     </span>
     <span class='ocr_line' id='line_1_27' title="bbox 161 3388 1284 3470; baseline -0.001 -24"><span class='ocrx_word' id='word_1_215' title='bbox 161 3402 309 3447; x_wconf 79' lang='lat' dir='ltr'>structura</span> <span class='ocrx_word' id='word_1_216' title='bbox 333 3391 438 3462; x_wconf 83' lang='lat' dir='ltr'>Graec.</span> <span class='ocrx_word' id='word_1_217' title='bbox 466 3392 514 3449; x_wconf 81' lang='lat' dir='ltr'>adi</span> <span class='ocrx_word' id='word_1_218' title='bbox 540 3397 655 3470; x_wconf 87' lang='lat' dir='ltr'>Zumpt.</span> <span class='ocrx_word' id='word_1_219' title='bbox 676 3411 704 3455; x_wconf 88' lang='lat' dir='ltr'>c.</span> <span class='ocrx_word' id='word_1_220' title='bbox 740 3393 832 3468; x_wconf 83' lang='lat' dir='ltr'>paulo</span> <span class='ocrx_word' id='word_1_221' title='bbox 858 3388 954 3460; x_wconf 60' lang='lat' dir='ltr'>inm,</span> <span class='ocrx_word' id='word_1_222' title='bbox 983 3391 1044 3446; x_wconf 90' lang='lat' dir='ltr'>vim</span> <span class='ocrx_word' id='word_1_223' title='bbox 1068 3390 1159 3448; x_wconf 86' lang='lat' dir='ltr'>habet</span> <span class='ocrx_word' id='word_1_224' title='bbox 1182 3389 1284 3465; x_wconf 84' lang='lat' dir='ltr'>proxi·</span> 
     </span>
     <span class='ocr_line' id='line_1_28' title="bbox 156 3486 1288 3563; baseline -0.004 -13"><span class='ocrx_word' id='word_1_225' title='bbox 156 3499 208 3550; x_wconf 76' lang='lat'>71.</span> <span class='ocrx_word' id='word_1_226' title='bbox 227 3490 253 3558; x_wconf 83' lang='lat'>§·</span> <span class='ocrx_word' id='word_1_227' title='bbox 274 3497 338 3551; x_wconf 77' lang='lat'>583.</span> <span class='ocrx_word' id='word_1_228' title='bbox 741 3490 851 3548; x_wconf 85' lang='lat' dir='ltr'>mandi.</span> <span class='ocrx_word' id='word_1_229' title='bbox 876 3486 931 3546; x_wconf 81' lang='lat' dir='ltr'>cfr.</span> <span class='ocrx_word' id='word_1_230' title='bbox 950 3489 1026 3548; x_wconf 86' lang='lat' dir='ltr'>Phil.</span> <span class='ocrx_word' id='word_1_231' title='bbox 1045 3493 1085 3548; x_wconf 83' lang='lat'>11.</span> <span class='ocrx_word' id='word_1_232' title='bbox 1115 3499 1164 3563; x_wconf 78' lang='lat'>39·</span> <span class='ocrx_word' id='word_1_233' title='bbox 1198 3507 1288 3563; x_wconf 84' lang='lat' dir='ltr'>quem·</span> 
     </span>
    </p>

    <p class='ocr_par' dir='ltr' id='par_1_6' title="bbox 160 3590 1293 3972">
     <span class='ocr_line' id='line_1_29' title="bbox 200 3590 1289 3673; baseline 0.006 -32"><span class='ocrx_word' id='word_1_234' title='bbox 200 3607 279 3660; x_wconf 78' lang='lat' dir='ltr'>quem</span> <span class='ocrx_word' id='word_1_235' title='bbox 299 3590 406 3661; x_wconf 82' lang='lat' dir='ltr'>quidem</span> <span class='ocrx_word' id='word_1_236' title='bbox 425 3592 586 3662; x_wconf 76' lang='lat' dir='ltr'>meminisse]</span> <span class='ocrx_word' id='word_1_237' title='bbox 612 3594 703 3673; x_wconf 74' lang='lat' dir='ltr'>memi-</span> <span class='ocrx_word' id='word_1_238' title='bbox 742 3592 895 3646; x_wconf 80' lang='lat' dir='ltr'>admodum</span> <span class='ocrx_word' id='word_1_239' title='bbox 911 3590 1114 3658; x_wconf 57' lang='lat' dir='ltr'>illincabieriq</span> <span class='ocrx_word' id='word_1_240' title='bbox 1138 3592 1183 3646; x_wconf 86' lang='lat' dir='ltr'>vel</span> <span class='ocrx_word' id='word_1_241' title='bbox 1200 3593 1289 3663; x_wconf 79' lang='lat' dir='ltr'>potin</span> 
     </span>
     <span class='ocr_line' id='line_1_30' title="bbox 160 3679 1274 3762; baseline 0.003 -20"><span class='ocrx_word' id='word_1_242' title='bbox 160 3689 232 3742; x_wconf 86' lang='lat' dir='ltr'>nisse</span> <span class='ocrx_word' id='word_1_243' title='bbox 256 3690 284 3745; x_wconf 83' lang='lat' dir='ltr'>h.</span> <span class='ocrx_word' id='word_1_244' title='bbox 312 3689 334 3747; x_wconf 91' lang='lat' dir='ltr'>l.</span> <span class='ocrx_word' id='word_1_245' title='bbox 366 3699 447 3747; x_wconf 83' lang='lat' dir='ltr'>recto</span> <span class='ocrx_word' id='word_1_246' title='bbox 472 3708 540 3747; x_wconf 84' lang='lat' dir='ltr'>cum</span> <span class='ocrx_word' id='word_1_247' title='bbox 572 3692 714 3760; x_wconf 72' lang='lat' dir='ltr'>Accusat.¹</span> <span class='ocrx_word' id='word_1_248' title='bbox 742 3708 857 3761; x_wconf 83' lang='lat' dir='ltr'>poene</span> <span class='ocrx_word' id='word_1_249' title='bbox 875 3710 930 3746; x_wconf 90' lang='lat' dir='ltr'>non</span> <span class='ocrx_word' id='word_1_250' title='bbox 948 3693 1056 3762; x_wconf 81' lang='lat' dir='ltr'>abieris,</span> <span class='ocrx_word' id='word_1_251' title='bbox 1075 3693 1187 3753; x_wconf 74' lang='lat' dir='ltr'>seimon.</span> <span class='ocrx_word' id='word_1_252' title='bbox 1265 3679 1274 3685; x_wconf 54' lang='grc'><strong>”</strong></span> 
     </span>
     <span class='ocr_line' id='line_1_31' title="bbox 165 3767 1033 3859; baseline 0.009 -17"><span class='ocrx_word' id='word_1_253' title='bbox 165 3788 288 3844; x_wconf 81' lang='lat' dir='ltr'>struitur</span> <span class='ocrx_word' id='word_1_254' title='bbox 295 3808 305 3859; x_wconf 83' lang='lat'>3</span> <span class='ocrx_word' id='word_1_255' title='bbox 337 3799 381 3846; x_wconf 84' lang='lat' dir='ltr'>eet</span> <span class='ocrx_word' id='word_1_256' title='bbox 405 3777 484 3845; x_wconf 82' lang='lat' dir='ltr'>enim</span> <span class='ocrx_word' id='word_1_257' title='bbox 515 3788 600 3847; x_wconf 85' lang='lat' dir='ltr'>idem</span> <span class='ocrx_word' id='word_1_258' title='bbox 613 3808 647 3847; x_wconf 85' lang='lat' dir='ltr'>ae</span> <span class='ocrx_word' id='word_1_259' title='bbox 665 3795 709 3846; x_wconf 86' lang='lat' dir='ltr'>oi·</span> <span class='ocrx_word' id='word_1_260' title='bbox 736 3840 740 3848; x_wconf 83' lang='lat'>.</span> <span class='ocrx_word' id='word_1_261' title='bbox 1029 3767 1033 3777; x_wconf 66' lang='lat'><strong>.</strong></span> 
     </span>
     <span class='ocr_line' id='line_1_32' title="bbox 167 3886 1293 3972; baseline 0.009 -29"><span class='ocrx_word' id='word_1_262' title='bbox 167 3887 251 3939; x_wconf 82' lang='lat' dir='ltr'>disse·</span> <span class='ocrx_word' id='word_1_263' title='bbox 270 3886 328 3944; x_wconf 68' lang='lat' dir='ltr'>&#39;Adi</span> <span class='ocrx_word' id='word_1_264' title='bbox 349 3891 465 3963; x_wconf 88' lang='lat' dir='ltr'>Zumpt.</span> <span class='ocrx_word' id='word_1_265' title='bbox 487 3908 511 3947; x_wconf 90' lang='lat' dir='ltr'>c.</span> <span class='ocrx_word' id='word_1_266' title='bbox 532 3901 577 3952; x_wconf 75' lang='lat'>73.</span> <span class='ocrx_word' id='word_1_267' title='bbox 598 3891 624 3962; x_wconf 82' lang='lat'>§.</span> <span class='ocrx_word' id='word_1_268' title='bbox 643 3900 711 3954; x_wconf 85' lang='grc'><strong>440.</strong></span> <span class='ocrx_word' id='word_1_269' title='bbox 786 3895 812 3966; x_wconf 69' lang='lat' dir='ltr'>t.</span> <span class='ocrx_word' id='word_1_270' title='bbox 824 3903 868 3959; x_wconf 79' lang='lat'>15.</span> <span class='ocrx_word' id='word_1_271' title='bbox 876 3900 996 3972; x_wconf 83' lang='lat' dir='ltr'>Etenim]</span> <span class='ocrx_word' id='word_1_272' title='bbox 1009 3903 1117 3968; x_wconf 83' lang='lat' dir='ltr'>etenim,</span> <span class='ocrx_word' id='word_1_273' title='bbox 1133 3911 1169 3956; x_wconf 86' lang='lat' dir='ltr'>ut</span> <span class='ocrx_word' id='word_1_274' title='bbox 1179 3897 1254 3952; x_wconf 83' lang='lat' dir='ltr'>enim</span> <span class='ocrx_word' id='word_1_275' title='bbox 1266 3903 1293 3953; x_wconf 83' lang='lat' dir='ltr'>et</span> 
     </span>
    </p>

    <p class='ocr_par' dir='ltr' id='par_1_7' title="bbox 204 3974 1293 4087">
     <span class='ocr_line' id='line_1_33' title="bbox 204 3974 1293 4087; baseline 0.013 -49"><span class='ocrx_word' id='word_1_276' title='bbox 204 3987 234 4038; x_wconf 86' lang='lat' dir='ltr'>hi</span> <span class='ocrx_word' id='word_1_277' title='bbox 259 3987 397 4073; x_wconf 77' lang='lat' dir='ltr'>consules]</span> <span class='ocrx_word' id='word_1_278' title='bbox 423 3990 443 4046; x_wconf 84' lang='lat' dir='ltr'>i.</span> <span class='ocrx_word' id='word_1_279' title='bbox 469 4007 498 4050; x_wconf 87' lang='lat' dir='ltr'>e.</span> <span class='ocrx_word' id='word_1_280' title='bbox 529 3991 614 4063; x_wconf 83' lang='lat' dir='ltr'>hujus</span> <span class='ocrx_word' id='word_1_281' title='bbox 641 3974 712 4051; x_wconf 82' lang='lat' dir='ltr'>anni</span> <span class='ocrx_word' id='word_1_282' title='bbox 748 4016 816 4087; x_wconf 63' lang='lat' dir='ltr'>nem</span> <span class='ocrx_word' id='word_1_283' title='bbox 841 4015 927 4076; x_wconf 83' lang='lat' dir='ltr'>saepe</span> <span class='ocrx_word' id='word_1_284' title='bbox 947 4004 1045 4058; x_wconf 84' lang='lat' dir='ltr'>lorum</span> <span class='ocrx_word' id='word_1_285' title='bbox 1063 4002 1150 4057; x_wconf 78' lang='lat' dir='ltr'>habet</span> <span class='ocrx_word' id='word_1_286' title='bbox 1174 4000 1207 4077; x_wconf 86' lang='lat' dir='ltr'>iu</span> <span class='ocrx_word' id='word_1_287' title='bbox 1228 4016 1293 4053; x_wconf 80' lang='lat' dir='ltr'>nar·</span> 
     </span>
    </p>
   </div>
   <div class='ocr_carea' id='block_1_6' title="bbox 168 4086 1303 4265">
    <p class='ocr_par' dir='ltr' id='par_1_8' title="bbox 168 4086 1303 4265">
     <span class='ocr_line' id='line_1_34' title="bbox 168 4086 1303 4178; baseline 0.018 -40"><span class='ocrx_word' id='word_1_288' title='bbox 168 4086 315 4143; x_wconf 78' lang='lat' dir='ltr'>eonsules.</span> <span class='ocrx_word' id='word_1_289' title='bbox 749 4101 875 4158; x_wconf 81' lang='lat' dir='ltr'>rationis</span> <span class='ocrx_word' id='word_1_290' title='bbox 904 4105 954 4158; x_wconf 84' lang='lat' dir='ltr'>vel</span> <span class='ocrx_word' id='word_1_291' title='bbox 985 4099 1193 4178; x_wconf 78' lang='lat' dir='ltr'>disputationis</span> <span class='ocrx_word' id='word_1_292' title='bbox 1225 4116 1303 4175; x_wconf 52' lang='lat' dir='ltr'>pro&lt;</span> 
     </span>
     <span class='ocr_line' id='line_1_35' title="bbox 205 4185 970 4265; baseline 0.03 -27"><span class='ocrx_word' id='word_1_293' title='bbox 205 4185 304 4256; x_wconf 82' lang='lat' dir='ltr'>paene]</span> <span class='ocrx_word' id='word_1_294' title='bbox 324 4204 409 4258; x_wconf 81' lang='lat' dir='ltr'>paene</span> <span class='ocrx_word' id='word_1_295' title='bbox 427 4190 494 4248; x_wconf 88' lang='lat' dir='ltr'>loco</span> <span class='ocrx_word' id='word_1_296' title='bbox 512 4189 641 4265; x_wconf 79' lang='lat' dir='ltr'>positum</span> <span class='ocrx_word' id='word_1_297' title='bbox 660 4205 712 4260; x_wconf 80' lang='lat' dir='ltr'>est,</span> <span class='ocrx_word' id='word_1_298' title='bbox 750 4199 852 4258; x_wconf 85' lang='lat' dir='ltr'>missae</span> <span class='ocrx_word' id='word_1_299' title='bbox 871 4202 970 4260; x_wconf 66' lang='lat' dir='ltr'>initio.</span> 
     </span>
    </p>
   </div>
   <div class='ocr_carea' id='block_1_7' title="bbox 0 0 1342 4672">
    <p class='ocr_par' dir='ltr' id='par_1_9' title="bbox 0 0 1342 4672">
     <span class='ocr_line' id='line_1_36' title="bbox 0 0 1342 4672; baseline 0 0"><span class='ocrx_word' id='word_1_300' title='bbox 0 0 1342 4672; x_wconf 95' lang='lat' dir='ltr'> </span> 
     </span>
    </p>
   </div>
  </div>
 </body>
</html>
