2654 4658
90 353 133 439 96
308 437 312 449 ι
445 356 581 419 mour
603 353 872 419 HISTORICUS.

91 525 224 594 Trois,
250 521 322 578 urbs
346 521 548 597 antiquissima
574 535 604 579 et
628 522 812 578 nobilissima
840 522 872 576 in
895 537 971 595 agro
1000 521 1138 594 Trojano
1160 522 1201 579 sin

165 625 290 699 Phrygia
308 622 417 677 minori
435 623 540 695 posita·
577 627 660 678 Hanc
678 625 797 686 Gracci,
818 624 892 679 (luce
910 624 1152 698 Agamemnone,
1169 622 1201 682 Μ’

166 741 304 796 comper
323 741 416 777 annos
437 722 584 776 obsessam
603 733 747 795 ceperunt
765 720 854 799 atquc
873 725 938 780 solo
959 738 1146 800 aequarunt.

91 800 319 883 Tuditanus,
339 821 408 878 vide
428 821 633 895 Sempronius.

91 923 245 996 Turpio,
264 921 327 977 vid.
347 921 517 978 Ambivius.
544 951 547 957 ·

16 1032 18 1035 ,
637 1023 679 1080 ν..

91 1120 273 1178 Valerius
292 1125 334 1178 M.
356 1123 502 1178 Corvus
529 1122 623 1179 sexies
643 1124 746 1179 consul
764 1112 840 1186 luit,
868 1140 962 1198 quum
984 1123 1022 1187 ei,
1040 1141 1067 1178 a.
1087 1123 1123 1195 U,
1145 1123 1209 1208 cni,
1238 1112 1240 1119 ¹

165 1230 240 1276 teste
256 1221 343 1276 Livio
361 1220 429 1277 Vll.
450 1217 517 1288 26..
537 1233 599 1277 tres
619 1233 648 1277 et
666 1223 773 1295 viginti
793 1234 863 1278 nato
882 1241 996 1296 annos,
1011 1224 1118 1296 primos
1145 1241 1206 1278 con·

166 1322 276 1374 sulatus
302 1319 386 1375 datus
411 1329 487 1375 essct
511 1318 617 1376 favore
635 1323 756 1395 populi,
783 1321 865 1395 quod
888 1322 913 1377 is
932 1322 1072 1377 tribunus
1088 1322 1202 1375 militum

164 1421 283 1476 Gallum
303 1419 448 1494 quendam
468 1429 699 1495 provocatorem
718 1421 750 1474 in
761 1419 924 1475 certamine
938 1421 1088 1496 singulari
1100 1420 1205 1474 ohtrun·

160 1531 288 1575 caverat
319 1519 437 1574 Sextum
457 1531 556 1574 autem
574 1521 756 1574 consulatum
775 1519 824 1573 hic
838 1519 971 1576 obtinuit
992 1539 1021 1576 a.
1038 1521 1076 1576 U.
1091 1519 1203 1575 CDLIV.

161 1620 197 1673 In
213 1622 312 1692 primo
332 1621 485 1673 consulatu
502 1621 545 1672 M.
564 1619 726 1690 Popillium
744 1621 902 1675 Laenatem
927 1620 1083 1692 collegam
1111 1617 1202 1682 hahuit,

169 1723 202 1775 in
221 1716 319 1781 sexto,
339 1719 371 1772 in
390 1719 487 1772 locum
506 1719 542 1774 Τ.
559 1718 665 1773 Manlii
686 1720 829 1792 Torquati
849 1720 1002 1786 suffectus,
1023 1721 1072 1774 Μ.
1091 1719 1203 1774 Fulviun

165 1819 330 1876 Pastinum.
368 1817 425 1901 Qui
448 1818 527 1872 inter
545 1817 672 1891 primum
693 1828 721 1871 ct
739 1829 856 1872 sextum<
870 1819 1024 1874 intersunt
1045 1822 1199 1879 consulatus

165 1917 256 1991 gessit
274 1916 405 1989 ejusdem
426 1917 534 1970 saeculi
552 1917 636 1976 annis
657 1915 777 1982 CDVll,
797 1916 889 1985 UDX,
910 1917 1082 1982 CDXVIIL
1102 1919 1193 1976 CDIM

89 2009 273 2073 Valerius
296 2018 340 2071 Μ.
367 2015 525 2072 Flaccus
551 2034 618 2071 cum
648 2018 692 2075 Μ.
717 2016 825 2072 Porcio
852 2014 967 2072 Catone
991 2015 1142 2074 familiari
1159 2036 1195 2082 sus

163 2122 268 2176 consul
283 2118 343 2176 fuit
355 2138 381 2174 a.
388 2118 422 2174 U.
435 2117 570 2182 DLVIII,
592 2128 622 2171 et
635 2133 740 2170 censor
752 2130 818 2170 cum
829 2114 936 2172 codem
951 2116 991 2171 ah
1003 2133 1035 2170 a.
1048 2119 1089 2173 U.
1102 2117 1199 2174 DLth

88 2219 276 2279 Veturius
295 2220 331 2272 Τ.
353 2217 492 2272 Calvinus
512 2233 578 2270 cum
597 2215 650 2288 Sp.
670 2215 841 2272 Posthumio
859 2215 970 2272 Albino
989 2219 1104 2272 consul
1123 2215 1198 2273 luite

167 2321 203 2374 U.
225 2318 398 2384 cnxxxl13
421 2316 528 2391 quibus
548 2315 720 2370 consulibus
745 2331 782 2368 ao
802 2315 927 2370 ducibus
946 2313 1052 2372 clades
1085 2315 1200 2372 Roman

165 2417 276 2474 accidit
296 2416 440 2474 Caudina.
908 2428 912 2435 '

85 2519 283 2580 Voconius
302 2521 338 2602 Q.
360 2535 390 2575 a.
404 2517 442 2572 U.
459 2514 607 2571 DLXXXI
625 2517 720 2589 legem
740 2512 777 2568 de
797 2509 970 2568 co‘e‘rcendis
988 2510 1156 2570 mulierum
1170 2515 1200 2568 he

160 2618 338 2676 reditatihus
356 2618 435 2683 tulit,
455 2616 487 2672 in
506 2633 565 2692 qua
583 2612 764 2690 perferenda
783 2611 902 2682 adjutus
920 2621 966 2666 est
982 2612 1032 2673 M.
1051 2616 1155 2674 Porcii
1167 2616 1200 2673 Gt·

160 2718 240 2774 tonis
261 2716 409 2776 oratione.

628 2813 667 2866 X.

86 2914 322 2971 Xenocrates
343 2912 574 2980 Chalcedonius,
599 2911 728 2968 Platonis
746 2909 884 2972 auditor,
904 2908 1075 2985 Speusippi
1100 2913 1135 2968 in
1157 2928 1199 2969 att·

164 3014 262 3071 demia
287 3014 346 3070 fuit
369 3030 534 3071 successor.
571 3013 627 3066 Hic
646 3009 848 3067 severissimus
874 3009 933 3065 fuit
956 3008 1201 3087 philosophorum,

158 3112 333 3189 rigidusque
358 3112 518 3185 voluptatis
542 3129 576 3168 ac
602 3110 774 3166 divitiarum
798 3119 963 3164 contemtor
968 3125 980 3177 3
1010 3108 1054 3166 de
1077 3131 1135 3188 quo
1153 3111 1200 3166 Cic

158 3215 249 3268 ·Tusc.
268 3212 308 3270 V.
329 3221 375 3272 32.
413 3212 500 3267 Anno
526 3209 630 3267 aetatis
655 3208 835 3282 octogesimo
861 3214 987 3282 quarto,
1018 3228 1113 3286 quum
1127 3221 1201 3266 noctu

154 3311 241 3366 'forte
261 3310 293 3363 in
311 3309 482 3382 sartiginem
501 3310 662 3375 incidisset,
681 3318 812 3363 mortuus
832 3317 886 3361 est.

1 3435 3 3441 ¹
88 3413 114 3464 X
122 3429 137 3466 e
145 3412 268 3485 nopho
276 3430 295 3464 n
307 3412 503 3478 Atheniensis,
513 3410 644 3470 Socratis
652 3409 911 3480 auditor,propter
923 3396 1200 3483 eloquentiamMusa

165 3512 260 3566 Attica
272 3523 403 3575 vocatus,
425 3521 455 3566 et
468 3511 659 3566 historiarum
677 3508 782 3570 libros,
801 3505 962 3572 Anabasin,
984 3506 1197 3587 Cyropacdian,

163 3609 333 3679 Menenios,
354 3621 383 3665 et
408 3600 445 3663 ‹le'
470 3609 673 3684 philosophia,
698 3618 732 3664 ut
749 3605 952 3682 symposium,
972 3607 1198 3668 oeconomicum

164 3714 298 3789 aliosque
317 3713 500 3791 conscripsit.

160 3800 162 3807 ’
206 3794 208 3801 ’
429 3817 431 3821 ’
600 3887 601 3891 Ν
635 3820 666 3873 z.

91 3921 200 3980 Zeno,
222 3916 292 3972 Citii
313 3915 345 3969 in
360 3915 471 3990 oppido
487 3915 575 3990 Cypri
590 3928 685 3980 natus,
698 3915 867 3972 Stoicorum
880 3925 977 3973 sectae
994 3919 1140 3976 conditor
1150 3911 1197 3968 suit·

165 4017 221 4072 llic
235 4035 327 4072 annos
344 4017 417 4072 vixit
436 4027 504 4072 octo
524 4029 554 4074 et
565 4016 733 4093 nonaginta,
751 4015 894 4092 usquead
909 4024 1077 4076 extremam
1088 4021 1197 4076 tenear

162 4129 221 4174 tom
240 4119 350 4190 optima
370 4135 439 4172 usus
458 4117 629 4176 valitudine.

548 4278 769 4298 --·--·-—
