2654 4658
63 480 66 490 y
158 406 180 464 a
485 401 487 405 ·
542 391 698 458 euro
725 392 893 459 usion

117 579 137 638 3
159 562 272 626 aetatis
294 562 368 629 sine
385 559 534 622 molestia
551 560 655 644 possit
676 553 821 644 degero.¹
853 559 982 631 Sedde
1005 562 1124 624 ceteris
1145 577 1179 624 ct
1202 561 1292 627 dixi.

158 693 229 741 mus
253 672 361 743 multa,
385 684 419 732 et
439 689 538 751 saepe
560 669 720 732 dicemus:
749 670 835 730 huno
856 671 975 731 librum
997 669 1038 731 de
1059 685 1227 734 senectute
1248 671 1291 753 ad

156 795 191 844 te
213 778 371 841 misimus.
412 778 554 842 Omnem
575 792 682 840 autem
703 770 886 840 sermonem
898 778 1069 840 tribuimus
1090 801 1156 844 non
1168 780 1290 841 Titho-

155 898 212 963 no,
235 902 272 950 ut
288 885 396 948 Aristo
419 885 535 959 Chius,
571 905 613 945 ne
635 905 749 966 parum
770 900 856 947 esset
876 878 1077 948 auctoritatis
1099 887 1134 947 iu
1155 885 1287 967 fabula3

95 1002 99 1015 '
156 995 215 1057 sed
235 998 280 1057 Μ.
298 992 413 1058 Catoni
435 992 515 1067 seni,
539 1012 602 1076 quo
622 992 781 1057 maiorem
799 994 1023 1056 auctoritatem
1051 994 1191 1058 haberet
1213 1017 1288 1059 ora·

121 1090 123 1095 ⁵
150 1104 214 1168 tio.
256 1099 355 1186 Apud
370 1120 467 1186 quem
486 1101 634 1163 Laelium
655 1115 689 1163 et
710 1100 899 1184 Scipionem
920 1101 1054 1167 facimus
1076 1101 1285 1182 admirantes,

72 1188 82 1208 ’
156 1209 245 1296 quod
266 1210 296 1271 is
323 1224 388 1272 tam
408 1207 506 1270 facile
528 1222 729 1270 senectutem
748 1206 843 1284 ferat,
859 1209 966 1293 iisque
988 1231 1059 1272 eum
1078 1212 1281 1292 responden-

154 1333 230 1384 tem.
274 1317 341 1415 Qui
361 1318 390 1378 si
412 1313 572 1378 eruditius
592 1314 758 1378 videbitur
779 1314 960 1400 disputare,
996 1339 1091 1402 quam
1112 1321 1286 1407 consuevit

153 1429 227 1511 ipse
244 1426 280 1488 in
297 1426 363 1486 suis
380 1423 487 1498 libris,
510 1419 678 1486 attribuito
692 1423 827 1487 Graecis
841 1414 977 1499 'litteris
1001 1447 1135 1512 quarum
1158 1427 1288 1491 constat

152 1557 228 1616 eum
254 1530 497 1618 perstudiosum
516 1531 619 1594 fuisse
647 1530 682 1591 in
704 1546 882 1594 senectute.
925 1533 990 1595 Sed
1013 1533 1091 1618 quid
1120 1553 1203 1615 opus
1234 1549 1287 1596 est
1313 1548 1315 1552 '

152 1641 268 1728 plura?
310 1643 378 1702 Iam
405 1640 491 1701 enim
518 1639 621 1720 ipsius
644 1640 776 1702 Catonis
804 1659 911 1704 sermo
940 1642 1117 1725 explicabit
1137 1657 1285 1705 nostram

153 1770 284 1815 omnem
312 1749 354 1811 de
382 1760 549 1813 senectute
572 1746 779 1808 sententiam}

335 1888 337 1916 ¹
426 1880 429 1891 '
584 1879 646 1942 Ca
710 1893 767 1943 ut
807 1882 847 1942 Π.

227 1991 292 2052 iam
314 1988 485 2064 Scipionem
504 1997 534 2050 et
550 1900 688 2042 Laeliurd)
708 1985 821 2042 inducit
841 1985 948 2042 Cicero
969 1985 1110 2047 Catonem
1128 1991 1284 2048 admirun-

152 2101 208 2157 εει,
227 2088 308 2163 quod
322 2091 348 2143 is‘
367 2096 545 2159 senectutem
558 2084 816 2149 tamfaeileierat,
837 2103 924 2162 qnam
944 2089 1081 2164 plerique
1100 2109 1183 2146 senes
1204 2105 1281 2148 tam-

154 2192 442 2300 multe
460 2236 496 2296 Is.
516 2237 549 2292 P.
568 2263 607 2280 ··
625 2236 696 2295 dune
714 2254 780 2290 vero
799 2214 907 2289 (librum
933 2257 964 2294 v.
990 2236 1023 2294 S.
1049 2240 1087 2298 V,
1115 2257 1156 2292 m.
1176 2241 1223 2301 M,
1243 2275 1283 2287 ..

245 2339 323 2393 tibris
346 2339 401 2392 suis
420 2340 455 2393 R·
475 2339 511 2398 Ε.
530 2367 568 2382 -·
978 2392 982 2404 ,

189 2441 276 2510 possit
301 2437 406 2509 degere]
439 2435 475 2492 de
498 2435 585 2505 Corsi.
611 2438 698 2506 possit
732 2449 808 2504 stant,
827 2441 865 2492 ad
884 2451 909 2492 te
927 2441 1031 2519 mitt-o
1037 2460 1048 2512 3
1077 2445 1123 2496 sed
1144 2447 1216 2515 quia
1229 2446 1281 2516 fu-

148 2538 223 2597 ‘vide
242 2540 358 2613 Zumpt.
376 2552 496 2610 gramm.
516 2554 582 2612 cup.
597 2545 644 2600 78.
664 2539 694 2605 §.
733 2541 832 2591 cillime
850 2541 879 2591 in
891 2543 998 2594 nomine
1017 2553 1064 2594 tuo
1079 2549 1232 2616 acqttiesco,
1251 2557 1277 2599 et

152 2646 222 2700 527,
728 2639 843 2710 'quiete
865 2639 951 2692 habeo
972 2645 1163 2717 aequissimum
1182 2666 1280 2700 eorum

154 2794 158 2800 ,
189 2738 214 2810 §
227 2747 255 2798 3.
276 2739 309 2792 de
320 2736 422 2808 ceteris]
436 2756 475 2794 sc.
488 2733 695 2812 philosophiae
731 2739 903 2807 studiorum,
942 2747 1099 2812 quaemihi
1118 2749 1281 2799 communia

150 2837 243 2906 locis;
264 2837 321 2892 cfr.
342 2837 378 2892 de
400 2838 499 2894 Divin.
519 2838 557 2895 Π.
581 2850 593 2896 1
616 2846 646 2891 et
663 2847 693 2913 ²?
732 2849 820 2891 tecum
838 2851 912 2910 sum,
931 2843 1143 2899 existimatorem
1160 2855 1185 2898 et
1197 2847 1274 2917 judi-

186 2938 290 2991 librum
314 2939 353 2990 ud
378 2946 402 2990 te
427 2936 561 3005 misimus]
588 2937 694 2988 mittere
731 2941 829 2998 dicem.
1282 2923 1287 2933 ¹

147 3038 251 3093 librum
269 3037 298 3096 h.
311 3038 333 3093 1.
354 3048 398 3093 est
409 3036 498 3091 alicui
517 3037 627 3090 librum
647 3035 692 3088 in·
765 3043 795 3093 in
808 3041 923 3114 sabula]
944 3043 1037 3102 Recte
1056 3046 1148 3102 uertit
1160 3045 1278 3102 Theod.

147 3137 292 3200 scribere,
312 3136 465 3209 (widmen)
477 3146 510 3191 ut
528 3135 565 3189 de
586 3133 650 3189 Fin.
664 3136 691 3192 1.
728 3138 825 3212 Gai„
847 3150 895 3220 (dt
919 3146 956 3211 ἐν
981 3146 1119 3223 μύθοις,

147 3247 183 3300 3:
210 3239 273 3311 Ego
292 3247 385 3299 (tutem
411 3255 490 3308 quem
510 3238 622 3288 timeum
640 3235 691 3288 lec·
771 3243 873 3296 Catoni
891 3243 960 3311 seni]
989 3255 1124 3316 quartum
1142 3254 1172 3298 et
1191 3259 1277 3304 octe-

147 3349 251 3403 eorem,
282 3355 367 3410 quum
391 3339 430 3391 au
449 3347 489 3402 te,
510 3354 557 3388 nec
578 3337 691 3389 Graecis
727 3343 874 3416 gesturum
906 3361 1015 3397 annum
1054 3344 1161 3416 agebat
1198 3358 1277 3414 tum,

147 3441 256 3510 quidem
287 3439 421 3491 cedentem
445 3439 474 3491 iu
504 3436 689 3506 philosophie,
726 3460 793 3495 cum
810 3443 887 3497 hunc
906 3460 1071 3515 sermonem
1095 3447 1235 3511 habebat.

145 3541 267 3593 audeam
290 3538 426 3591 seribere?
467 3537 645 3610 Quemquam
670 3555 690 3590 a
765 3541 908 3611 eruditius]
950 3543 974 3602 i.
994 3562 1020 3600 c.
1040 3545 1220 3620 elegantius,
1240 3563 1276 3608 ut

143 3641 246 3709 teipso
267 3639 297 3689 id
315 3639 426 3708 quidem
445 3638 528 3707 secio
554 3655 689 3707 prouoca-
725 3640 832 3697 sarad.
851 3653 878 3702 2.
900 3650 932 3701 5:
963 3645 1023 3716 Nos
1042 3663 1151 3717 quoque
1177 3652 1276 3704 oculos

141 3753 186 3796 tus
203 3740 358 3810 gratissimo
371 3737 436 3790 mihi
455 3739 537 3803 libro,
558 3752 638 3810 quem
650 3740 688 3792 ad
726 3741 886 3796 eruditos
904 3743 1046 3811 habemus,
1062 3744 1178 3800 Colum.
1187 3744 1282 3809 V111.‘

141 3859 182 3893 me
202 3842 235 3892 de
256 3841 362 3892 Virtute
386 3840 525 3895 misisti.
554 3851 584 3896 et
609 3837 686 3918 ibid.
726 3848 777 3899 142
805 3840 938 3915 ductuque
957 3853 983 3898 et
1000 3847 1147 3900 erudita
1164 3850 1273 3917 patara

140 3939 194 3998 111.
213 3950 247 3999 2:
288 3941 407 4014 Quodsi
418 3942 542 4011 facerem
561 3941 642 4021 quusi
660 3949 685 3992 te
717 3941 848 4017 fastidire
860 3920 1103 4012 docuitflstviulem
1121 3948 1228 4016 lupum.

140 4041 279 4110 erudiens,
295 4043 359 4112 jure
377 4040 588 4109 reprehenderes.
630 4030 685 4092 Sed
712 4073 745 4127 Α,
759 4042 826 4113 quid
847 4060 915 4112 opus
943 4056 982 4098 est
1000 4046 1097 4116 plura]
1138 4047 1269 4102 subaudi

140 4140 177 4192 ab
196 4158 228 4194 eo
239 4143 393 4210 plurimum
405 4140 512 4228 ⁰b⁸f⁸mt
532 4155 625 4216 neque,
645 4148 686 4197 utx
712 4141 827 4215 adden,-
846 4159 864 4198 ι
882 4162 941 4220 qi¹⁰
957 4146 1065 4215 omisso
1085 4145 1196 4222 pendet
1208 4148 1267 4202 Ac.

137 4257 173 4292 ια
191 4255 356 4309 cognoscas,
381 4256 451 4312 quae
468 4237 520 4292 tibi
537 4239 681 4294 notissimo
705 4248 781 4304 cut.
799 4243 897 4314 plura.
