2654 4658
150 325 191 386 ιο
337 266 342 274 “
477 298 881 390 ·οιιοιιιιιοιι

149 482 226 548 dici.
267 484 401 571 Neque
406 479 548 544 enimin
569 505 689 576 summa
709 483 819 564 inopia
840 479 923 547 levis
945 500 1018 544 esse
1046 462 1207 545 senectus
1228 502 1299 566 po

149 607 220 667 test,
242 612 284 654 ne
297 591 435 674 sapienti
451 587 591 676 quidem,
613 612 675 653 nec
690 589 858 692 insipienti
873 591 970 652 etiam
992 587 1026 650 in
1042 611 1169 654 summa
1185 594 1282 675 copia

70 745 72 753 ·
109 705 218 791 onon
239 699 354 785 gravis,
398 697 573 780 Aptissima
596 699 727 795 omnino
749 713 839 774 sunt,
868 697 980 781 Scipio
1001 712 1033 760 et
1051 698 1164 773 Laeli,
1195 723 1283 762 arma

113 807 325 877 'senectutis
346 821 431 882 artes
454 784 767 893 exercitationesque
780 806 944 882 virtutum,
958 825 1040 890 quae
1061 805 1097 867 in
1110 806 1209 867 omni
1232 831 1282 871 ae·
1309 840 1312 847 »

147 931 213 1005 tate
234 906 355 990 cultae,
391 932 464 978 cum
482 915 617 979 multum
638 913 919 1000 diuquevixeris,
953 911 1108 976 mirificos
1134 913 1280 982 efferunt

147 1023 284 1099 fructus,
306 1023 373 1086 non
394 1024 499 1086 solum
520 1023 594 1107 quia
614 1041 786 1108 numquam
807 1021 977 1095 deserunt,
998 1041 1042 1081 ne
1064 1021 1099 1081 in
1132 1037 1280 1087 extremo

151 1128 283 1216 quidem
308 1125 458 1212 tempore
488 1129 663 1193 aetatis-
686 1115 875 1215 quamquam
902 1126 938 1188 id
965 1129 1140 1190 maximum
1170 1146 1220 1203 eat
1240 1165 1280 1179 -

146 1258 263 1302 terum
294 1236 408 1309 etiam,
444 1238 520 1323 quia
542 1239 741 1302 conscientia
760 1237 845 1299 hene
867 1251 957 1299 actae
978 1237 1065 1300 vitae
1086 1240 1273 1302 multorum-

150 1367 213 1433 quc
235 1345 483 1409 benefactorum
505 1346 690 1410 recordatio
711 1343 942 1409 iucundissima
964 1357 1023 1408 est

110 1509 163 1593 10>
234 1506 290 1572 IV.
312 1505 384 1588 Ego
393 1505 842 1592 quidemManmum-eum,
851 1525 907 1589 qm
896 1505 1092 1567 Tarentum
1100 1504 1282 1588 recepit·-

149 1610 340 1676 adolescens
362 1613 407 1678 ita
429 1612 529 1677 dilexi
550 1635 673 1689 senem,
694 1630 731 1678 ut
748 1613 925 1702 aequalem.
966 1613 1045 1673 Erat
1058 1610 1148 1673 enim
1171 1613 1208 1673 in
1222 1612 1278 1676 illo

148 1719 223 1784 viro
245 1721 396 1785 comitate
419 1723 549 1791 condita
570 1724 728 1808 gravitas3
749 1742 810 1784 nec
832 1730 983 1783 senectus
1004 1740 1111 1781 mores
1132 1736 1281 1786 mutave-

96 1813 99 1815 *
148 1842 265 1890 rat-
308 1830 507 1916 Quamquam
517 1853 590 1894 eum
606 1833 716 1894 colere
738 1830 835 1914 coepi
847 1849 913 1892 non
926 1826 1096 1916 admodum
1115 1828 1281 1912 grandem

148 1943 244 2010 natu,
273 1935 331 1998 sed
358 1951 467 2001 tamen
494 1939 558 2001 iam
586 1955 690 2006 aetate
717 1933 933 2025 provectum,
961 1936 1057 1999 Anno
1087 1934 1174 1997 enim
1198 1950 1282 2019 post

150 2044 265 2105 consul
292 2045 432 2128 primum
459 2047 585 2122 suerat,
619 2069 712 2131 quam
738 2067 800 2129 ego
828 2060 920 2109 natus
948 2065 1035 2106 sumt
1070 2063 1210 2127 cumque
1240 2062 1277 2108 eo

64 2150 68 2157 '
149 2167 298 2235 quartum
334 2154 468 2217 consule
505 2153 763 2219 adolescentulus
797 2152 892 2215 mil'es
924 2150 1092 2235 profectus
1128 2173 1203 2212 sum
1236 2152 1273 2214 ad

125 2243 309 2342 Capuam,
353 2262 530 2346 quintoque
557 2283 651 2324 anno
685 2278 760 2346 post
790 2261 831 2323 ad
860 2265 1048 2325 Tarentum
1111 2258 1277 2356 Quaestor

149 2366 270 2431 deinde
317 2367 533 2452 quadriennio
579 2384 654 2452 post
697 2370 801 2433 factus
837 2390 923 2431 sum:
969 2389 1067 2452 quem
1104 2369 1275 2454 magistra·

146 2489 216 2538 tum
260 2475 349 2569 gessi
384 2476 570 2540 consulibus
598 2477 763 2543 Tuditano
805 2494 839 2542 et
871 2478 1040 2562 Cethego,
1083 2497 1160 2538 cum
1203 2478 1272 2562 qui.

150 2581 227 2645 dem
248 2574 316 2661 ille,
339 2583 510 2647 admodum
530 2606 645 2662 senex,
666 2610 779 2650 suasor
798 2588 883 2673 legis
905 2588 1035 2651 Cinciae
1059 2584 1099 2647 de
1122 2584 1223 2649 donis
1246 2603 1277 2651 et

147 2692 336 2754 muneribus
355 2678 429 2771 fuit.
449 2725 489 2741 -
520 2692 585 2756 Hic
605 2709 640 2759 et
658 2695 745 2758 bella
766 2695 902 2780 gerebat
922 2710 958 2759 ut
979 2693 1182 2771 adolescens,
1204 2716 1276 2759 cum

187 2986 233 3037 10.
271 2976 389 3050 EgoQ.
410 2976 496 3036 Mem
516 2973 571 3032 Ed
593 2976 694 3041 Orell
707 3008 745 3022 -
781 2989 928 3054 posquam
948 2983 1092 3107 censulp.
1104 2981 1149 3053 s„
1176 3001 1227 3055 ego
1246 3000 1274 3037 v.

243 3070 438 3139 sm.t.-

185 3223 211 3295 §.
232 3240 261 3300 9.
279 3225 363 3295 artes]
384 3244 429 3280 urs
448 3225 512 3286 lnl.
528 3224 560 3282 id
572 3225 692 3293 dicitur,
729 3232 1072 3322 ὅφθωθεραπεύεψ,

148 3323 230 3399 quod
253 3324 416 3384 benefactis
442 3339 560 3403 partum
584 3328 691 3386 inaho·

51 3437 53 3439 '
147 3425 228 3480 mine
246 3438 394 3489 remanet,
432 3439 465 3483 ut
483 3429 550 3482 rin.
570 3431 617 3490 ΙΙ,
636 3437 687 3490 54ι

147 3525 210 3576 Has
229 3527 368 3578 maximas
387 3538 510 3595 artes,
527 3527 626 3598 quibus
645 3529 692 3598 qui
728 3498 850 3541 munera
862 3483 1029 3536 voluntarie
1044 3482 1151 3536 dantur
1172 3491 1201 3536 et
1212 3498 1274 3553 gra·

766 3382 844 3433 donis
856 3391 881 3433 et
894 3381 1058 3450 muneribus]
1081 3380 1161 3436 dona
1182 3389 1270 3455 atque

728 3580 819 3648 tuito3
841 3578 982 3635 differunt
1000 3568 1107 3646 autem,
1123 3581 1206 3654 quod
1220 3583 1272 3655 illa

728 3690 795 3734 sunt
812 3679 995 3751 largitionis,
1018 3680 1090 3735 haec
1108 3680 1275 3756 benignita·

727 3779 776 3837 tis.
816 3778 879 3837 cfr.
899 3779 966 3836 XII·
987 3789 1035 3854 39.

148 3624 293 3688 carebant,
317 3627 413 3679 inertes
432 3645 451 3678 α
470 3626 623 3696 majoritas
643 3646 691 3682 no·

146 3725 209 3777 stris
228 3726 454 3782 nominabantur.

186 3825 258 3898 Cap.
278 3825 329 3880 IV.
349 3825 374 3896 ὅ.
392 3837 436 3884 10.
456 3824 632 3896 Maximum]
651 3845 691 3881 se.

147 3923 275 3983 Fabium
302 3924 526 3994 Cunctatorem,
564 3925 601 3983 de
634 3944 693 4001 quo
766 3927 894 3997 grandis]
914 3929 934 3986 i.
948 3947 974 3987 e.
994 3930 1196 4004 grandaevus;
1220 3934 1277 3996 cfr.

126 4021 294 4080 ¹ridendus
312 4023 400 4079 index
417 4025 484 4082 hist.
730 4027 782 4084 Vt.
806 4025 851 4086 16.
871 4026 939 4082 ι8ἱο
962 4043 1057 4086 autem
1083 4048 1184 4085 senem
1209 4053 1277 4090 cum

188 4125 284 4196 colere]
299 4124 430 4190 colerah.
442 4124 462 4179 1.
471 4113 694 4198 estobeervare,
731 4124 856 4199 quadam
868 4129 1060 4189 veneratione
1080 4132 1276 4204 appellamus.
