2654 4672
366 338 428 408 ns
450 333 707 423 ssuscrorn
727 332 826 442 can
846 336 905 431 n.
1039 430 1042 434 ι
1156 340 1201 418 20

68 506 219 572 Africani
240 502 328 569 iilius
348 503 389 581 is,
411 501 467 588 qui
480 518 515 568 te
529 500 711 587 adoptavit!
732 521 827 586 quam
838 497 941 577 tenui,
960 514 1016 564 aut
1033 502 1122 564 nulla
1140 522 1200 585 po-

66 617 132 681 tius
150 611 347 681 valitudine!
391 610 489 709 Quod
506 610 541 672 ni
560 609 605 674 ita
624 609 758 686 fuisset,
784 610 924 673 alterum
942 609 999 673 ille
1020 609 1200 681 exstitisset

65 727 179 787 lumen
198 720 357 799 civitatis3
377 718 419 783 ad
435 733 603 803 paternam
622 718 711 781 enim
730 717 986 802 magnitudinem
1003 718 1103 781 animi
1123 719 1200 785 doess

64 830 153 895 trina
171 828 308 893 uberior
323 842 517 905 accesserat.
560 824 656 927 Quid¹
674 826 793 888 mirum
811 826 912 910 igitur
937 824 973 887 in
992 826 1140 903 senibus,
1168 828 1199 892 si
1236 859 1240 867 ·

65 936 190 1000 infirmi
209 950 283 999 sunt
301 932 490 1019 aliquando,
511 954 585 997 cum
602 933 639 995 id
656 955 698 996 ne
719 934 944 997 adolescentes
960 933 1096 1019 quidem
1115 933 1200 1003 effu.

67 1067 149 1132 gere
166 1041 315 1128 possint?
345 1041 600 1131 Resistendum,
619 1041 729 1117 Laeli,
751 1057 784 1107 et
805 1040 933 1125 Scipio,
955 1042 1117 1107 senectuti
1135 1058 1198 1121 est,

68 1145 215 1237 eiusque
235 1149 313 1216 vitis
352 1148 525 1232 diligentia
567 1149 808 1235 compensanda
837 1148 928 1213 sunt!
973 1148 1195 1237 Pugnandum,

63 1275 224 1343 tamquam
242 1272 358 1321 contra
376 1257 546 1333 morbum,
574 1257 623 1320 sic
648 1273 760 1335 contra
778 1272 993 1337 senectutem,
1034 1259 1197 1323 Habenda
1264 1250 1265 1255 ἵ

64 1366 149 1427 ratio
168 1364 376 1445 valitudinis3
405 1364 562 1454 utendum
583 1365 870 1430 exercitationibus
889 1364 1027 1428 modicis
1034 1388 1045 1447 ;
1072 1381 1197 1433 tantum

64 1472 131 1537 cibi
150 1487 184 1535 ct
199 1471 346 1556 potionis
365 1471 591 1551 adhibendum,
611 1490 647 1538 ut
668 1471 857 1550 reficiantur
876 1473 976 1548 vires,
996 1496 1063 1537 non
1084 1475 1197 1558 oppri.
1255 1504 1258 1509 ¹

62 1595 204 1644 mantur.
244 1581 314 1643 Nee
334 1600 415 1644 vero
438 1583 570 1665 corpori
591 1582 654 1645 soli
666 1582 923 1646 subveniendum
937 1597 997 1658 cst,
1019 1582 1079 1644 sed
1092 1583 1236 1661 menti56
1269 1595 1272 1599 '

65 1705 164 1773 atque
187 1688 293 1765 animo
313 1689 554 1773 multomagis:
586 1712 660 1771 nam
680 1691 762 1753 hacc
785 1711 932 1774 quoque,
955 1689 1020 1771 nisi
1034 1704 1196 1775 tamquam

64 1795 179 1857 lumini
202 1796 309 1858 oleum
329 1796 479 1872 instillet,
502 1798 751 1881 exstinguuntur
765 1812 944 1860 senectute.
989 1799 1033 1861 Et
1054 1819 1195 1882 corpora

64 1902 195 1989 quidem
215 1905 709 1991 exercitationeingravescunt:
731 1904 830 1968 animi
851 1919 958 1966 autem
980 1925 1015 1967 se
1037 1926 1194 1985 exercen-

64 2013 107 2076 do
129 2013 286 2078 levantur·
330 2020 411 2077 Nam
432 2035 512 2098 quos
533 2014 577 2076 ait
600 2011 760 2075 Caecilius
783 2045 821 2056 -
845 2008 1126 2075 comicosstultos
1144 2031 1193 2075 se·
1222 2088 1225 2093 ἣ

64 2136 141 2181 nes:
162 2119 223 2182 hos
246 2120 407 2204 significat
429 2102 591 2196 credulos,
614 2117 803 2193 obliviosos,
826 2117 1001 2181 dissolutos
1009 2141 1019 2199 3
1044 2143 1125 2211 quac
1145 2123 1194 2186 vi.

62 2226 109 2289 tia
128 2242 205 2290 sunt
221 2249 288 2290 non
309 2230 502 2306 senectutis,
536 2227 595 2292 sed
617 2227 749 2304 inertis,
779 2228 934 2312 ignavae,
958 2229 1192 2321 somniculosae

102 2507 151 2562 35.
189 2503 263 2574 quod
281 2504 335 2556 uisi
351 2521 380 2558 v.
401 2501 431 2560 S.
450 2519 491 2556 m.
510 2505 546 2560 Ι..
565 2505 658 2564 P.·-
699 2500 745 2564 56.
782 2505 927 2559 sedetiam
946 2508 979 2561 Β.
998 2522 1028 2564 ν.
1049 2505 1080 2561 S.
1099 2521 1191 2569 ηιμ-,-

100 2647 131 2699 ni
149 2645 202 2716 ito]
242 2647 319 2703 solet
342 2657 408 2702 aute
427 2647 467 2700 ito
485 2622 559 2722 poni
579 2646 609 2699 ni
645 2655 704 2699 tam
740 2646 861 2711 dedecet,
900 2663 988 2727 (μιανηΙ
1020 2624 1140 2699 delirare
1165 2655 1192 2699 et

62 2765 120 2821 pro
139 2742 203 2800 nisi.
644 2756 755 2799 mente
773 2765 826 2799 esse
844 2757 963 2815 capuam.
983 2743 1043 2800 Ast.
1060 2746 1122 2801 XV·
1140 2754 1189 2807 15:

45 2834 51 2845 ⁵
101 2848 125 2918 §.
147 2846 259 2915 36.on
276 2846 435 2917 soli-scd]
458 2843 518 2901 cfr.
536 2846 558 2900 Ι.
581 2856 606 2902 1.
643 2849 773 2925 Nectum
793 2848 948 2923 animum
968 2832 1191 2918 me,.quamsto-

102 2948 185 2999 ruenti
202 2957 282 3018 atquc
299 2948 406 3017 auimo]
435 2947 518 2999 Mons
536 2960 607 3017 pars
645 2949 773 3001 maehum
792 2956 847 3005 uon
863 2926 963 3000 babere
983 2947 1164 3004 arbitrantur.
1194 2990 1197 2995 ,

64 3055 109 3101 est
122 3047 219 3107 animi,
237 3063 328 3119 eaque
340 3045 544 3119 praestantior,
559 3061 608 3099 eu·
682 3047 1053 3118 corporo—ingravescunt]
1072 3047 1092 3100 i.
1107 3065 1131 3100 o.
1147 3045 1190 3100 af·

60 3145 109 3216 jus
121 3144 245 3200 virtutes
258 3155 324 3201 sunt
336 3143 478 3206 docilitas,
497 3160 606 3223 memo·
644 3146 795 3220 fliguntur.
840 3149 913 3201 Nam
944 3163 1018 3218 quae
1044 3157 1189 3208 crescunt,

55 3240 120 3311 ris,
139 3242 307 3319 prudentia,
323 3244 527 3319 temperantia,
545 3241 607 3297 for·
645 3246 787 3323 gravitate
799 3260 849 3297 sua
865 3241 902 3297 ud
914 3255 1024 3299 terram
1038 3241 1188 3306 feruntur.

10 3382 15 3397 .
59 3343 176 3410 titudo,
201 3344 322 3414 justitia.
353 3343 428 3413 ,Cfm
454 3342 514 3397 Cic.
540 3341 605 3396 Fin.
645 3342 707 3397 Gfr.
727 3342 766 3397 11.
785 3341 814 3415 ζ).
1218 3382 1225 3411 ,

60 3443 100 3500 V·
122 3453 168 3503 17·
201 3446 309 3500 Nostro
334 3454 432 3500 autem
456 3444 525 3498 loco
544 3443 605 3494 nnt-
678 3441 816 3510 levantur]
836 3440 858 3495 i.
879 3459 906 3500 c.
928 3441 1094 3516 eriguntur.

61 3541 380 3611 martaronensis,
405 3561 480 3596 mens
504 3540 541 3594 de
561 3541 604 3593 in·
681 3542 806 3611 comicos]
827 3541 927 3616 quales
950 3542 1129 3599 inducuntur
1155 3543 1187 3597 in

62 3639 225 3715 tellipcntia
239 3639 413 3715 accipienda
426 3652 480 3710 est,
499 3649 531 3694 ut
546 3636 603 3693 Off·
642 3661 758 3700 scenam
777 3642 816 3697 ad
833 3626 925 3696 risum
944 3642 1132 3701 movendum.

56 3746 84 3802 I·
112 3753 166 3805 50:
204 3745 324 3798 bominis
354 3759 446 3795 triens
477 3740 631 3792 discendo‘
680 3742 832 3816 significat]
853 3741 874 3795 i.
897 3760 925 3799 e,
946 3742 1024 3798 facit.
1051 3790 1054 3795 ,

58 3845 184 3897 elitaret
196 3845 354 3916 cogitando,
372 3858 478 3909 semper
496 3837 605 3911 aliquid
679 3845 772 3896 inertis
784 3842 956 3913 -ignavne]
977 3845 1095 3912 ignavus
1114 3841 1186 3898 (Ποῖ.

59 3946 200 4016 anquirit,
228 3953 279 3994 aut
298 3944 377 4014 agit,
400 3941 561 4011 videndique
580 3948 605 3990 et
641 3953 701 4010 tur,
721 3943 772 4015 qui
791 3952 913 3996 naturae
927 3940 1012 4004 vitio,
1033 3944 1112 4008 iners,
1133 3941 1184 4025 qui

57 4046 191 4098 audiendi
202 4043 378 4097 delectatione
389 4040 512 4103 ducitur,-
530 4037 604 4092 ibid.
641 4050 767 4116 propter
805 4041 895 4095 animi
920 4040 1086 4096 socordiam
1124 4057 1185 4095 nou

58 4145 82 4202 1.
103 4156 158 4207 272
180 4144 265 4216 salli,
294 4159 402 4205 errore,
421 4140 497 4207 tabi,
516 4140 606 4211 decipi
644 4152 686 4198 est
705 4138 841 4197 faciendo
863 4140 961 4216 operi.
