2654 4658
92 490 232 556 toritatis
260 503 345 554 earet
366 487 579 551 inconstantia
608 487 692 550 nere
716 484 869 553 offensio.
910 483 977 551 Sed
999 483 1034 549 in
1052 483 1107 550 his
1129 485 1217 552 locis

2 604 4 609 ’
92 606 147 674 ed.
176 607 365 674 Orellianae
397 603 557 669 lectiones
583 601 725 687 probare
753 602 913 684 solebam3
949 616 1016 678 est,
1051 601 1111 664 ubi
1141 623 1220 667 meo

92 722 194 786 solius
217 720 338 784 stabam
358 719 491 803 judicio.
535 713 632 816 Quod
653 719 936 784 autemseleetam
961 716 1144 783 lectionum
1163 741 1222 783 va-

89 837 241 901 rietatem
268 836 434 920 subjunxi,
464 835 527 898 hoc
555 834 669 897 nescio
701 855 741 897 an
762 857 828 899 non
858 837 963 898 minus
985 857 1002 897 a
1024 833 1220 899 docentibus

90 953 225 1040 gratiam
246 952 375 1027 iniisse,
400 974 492 1038 quam
515 951 709 1016 discentium
729 951 861 1016 utilitati
882 973 918 1016 ac
939 951 1046 1014 studio
1072 952 1218 1016 servisse

88 1070 212 1136 videar.
245 1068 335 1134 Dedi
358 1067 444 1131 euim
465 1088 505 1130 ex
524 1052 647 1133 ¹Orellii
664 1068 751 1132 libro
780 1087 890 1132 earum
911 1067 1090 1132 lectionum
1108 1068 1212 1150 insig-

89 1187 219 1259 niores.
242 1188 284 1251 de
306 1187 422 1274 quibus
443 1183 603 1249 nihildum
623 1186 711 1250 inter
727 1185 860 1251 criticos
882 1199 1047 1249 constaret
1053 1206 1065 1264 ;
1082 1182 1210 1267 {deinde

87 1304 177 1381 alias,
199 1325 279 1391 quae
294 1319 385 1367 certo
406 1316 595 1388 argumento
610 1303 744 1385 probari
755 1297 891 1388 possent
905 1300 1006 1376 nullo,
1027 1299 1215 1382 adjiciendo

7 1408 10 1414 ⁵
88 1418 124 1482 id
137 1418 199 1506 agi,
221 1435 256 1483 ut
268 1414 411 1483 haberet
426 1393 631 1501 praeceptor,
655 1416 689 1478 in
713 1438 777 1502 quo
798 1417 863 1500 jam
876 1436 964 1478 nunc
982 1413 1096 1476 critica
1116 1415 1215 1477 disci-

49 1592 52 1597 *
88 1535 158 1620 puli
164 1534 331 1619 ingenium
345 1548 513 1596 exerceret
530 1547 610 1596 arte.
632 1534 704 1616 Ego
719 1553 801 1595 vero
815 1553 939 1595 summo
954 1551 1055 1615 opere
1070 1529 1212 1615 adstipu-

87 1653 141 1715 lor
153 1650 205 1727 iia,
228 1652 283 1735 qui
304 1652 339 1713 in
360 1633 521 1733 ejusmodi
544 1649 777 1716 exercitatione
795 1649 955 1732 puerilem
976 1659 1104 1735 quoque
1125 1665 1215 1712 aeta·

86 1783 154 1831 tem
175 1767 287 1830 volunt
305 1767 447 1830 versari'
484 1765 783 1850 Cujus·sententiae
805 1780 970 1840 auctores,
1000 1784 1097 1850 quum
1116 1764 1213 1831 multi

4 1938 6 1941 .
87 1884 163 1954 sint.
183 1883 363 1946 duos‘tatis
384 1884 426 1947 sit
445 1881 631 1967 protulisse.
675 1882 825 1953 Bromius
848 1880 978 1966 quidem
1003 1914 1045 1927 -·
1070 1877 1212 1941 simodo

88 2018 161 2063 eum
182 1999 297 2061 Latine
317 1998 501 2082 exprimere
521 1996 643 2081 possim
661 2024 708 2047 -u
726 1997 760 2058 in
781 1995 922 2060 Praesat.
945 1994 987 2060 ad
1011 1997 1109 2058 Corn.
1127 1996 1213 2078 Nep.

86 2120 121 2200 p.
142 2118 246 2179 xlm:
264 2157 269 2163 ‹
285 2113 397 2210 „Quid
419 2112 528 2175 eninr?
557 2113 673 2198 inquit.
717 2113 753 2175 si
774 2112 905 2176 licuerit
927 2131 984 2175 eos
1008 2111 1212 2196 potissimum
1220 2154 1229 2181 ,2

85 2233 179 2294 locos
203 2229 430 2314 disputationis
453 2229 594 2339 eligere,
617 2229 650 2291 in
672 2227 788 2316 quihus
808 2230 968 2314 vulgatam
993 2248 1065 2290 ease
1088 2226 1211 2302 falsam,

87 2357 209 2423 reram,
224 2368 318 2434 quam
335 2345 477 2410 attulerit
494 2346 678 2422 lectionem,
694 2328 784 2410 sacili
794 2344 894 2415 ¹modo
909 2358 1072 2429 appareat,
1095 2341 1217 2430 ecquid

86 2463 122 2529 iu
136 2463 197 2526 hac
215 2478 308 2547 parte
324 2463 430 2533 deerit
449 2461 526 2528 ludo
539 2448 643 2527 bonu's
658 2439 811 2549 magister
826 2459 1030 2547 docendique
1048 2457 1211 2543 penitiori

32 2560 35 2565 ‚
86 2579 234 2658 Accedit,
256 2580 345 2668 quod
364 2595 414 2644 est
430 2578 664 2664 praeceptoris,
686 2597 802 2642 acuere
823 2576 955 2661 ingenia
977 2574 1213 2659 discipulorum

88 2717 211 2784 eoaque
239 2697 387 2781 gnaviter
409 2693 557 2759 docendo
578 2694 619 2758 ad
639 2693 829 2780 diligentem
856 2709 1075 2780 attentamque
1095 2692 1214 2755 lectio·

87 2832 166 2876 nem
184 2828 331 2877 veterum
352 2827 519 2876 auctorum
538 2810 720 2892 instruere;
741 2808 782 2874 ad
802 2810 889 2895 quod
905 2831 1019 2873 munus
1032 2813 1212 2892 exaequen-

88 2929 164 2993 dum
185 2931 297 2994 nescio
319 2953 366 2993 an.
382 2929 470 2992 nulla
491 2925 670 3012 excogitari
681 2928 785 3011 possit
805 2947 857 2989 ars
871 2942 941 2991 arte
961 2925 1075 2990 arinca
1087 2922 1216 2988 utilior.

87 3048 233 3113 Primum
243 3024 619 3118 enimconsiderandurn‚
634 3057 676 3119 et,
690 3065 752 3130 qua
765 3043 891 3107 ratione
908 3061 1020 3105 omnes
1031 3041 1213 3105 sententiae

44 3219 46 3225 .
89 3163 170 3246 ojus,
188 3165 229 3227 de
244 3188 307 3251 qua
321 3161 497 3250 quaeritur,
516 3174 626 3246 partes
639 3136 846 3243 conspirent}
869 3175 913 3237 et,
930 3159 1008 3245 quid
1023 3170 1134 3221 auctor
1151 3174 1212 3218 vo·

87 3279 197 3354 luerit,
221 3266 370 3356 senserit,
393 3279 523 3345 dixerit.
545 3276 676 3343 Deinde
697 3276 848 3362 diligenti
869 3299 906 3340 ac
927 3273 1039 3339 subtili
1060 3284 1141 3356 opus
1164 3285 1216 3334 eat
1247 3270 1250 3277 ’

90 3393 326 3478 disputatione,
348 3396 447 3460 lectio
467 3396 594 3478 vulgata
614 3393 650 3456 in
672 3414 736 3480 quo
757 3393 922 3468 concinat,
944 3393 980 3456 in
1001 3411 1066 3479 quo
1085 3387 1213 3451 diacre·

89 3527 147 3598 pet
165 3532 237 3574 cum
254 3511 456 3600 reliquorum
476 3511 639 3576 dictorum
653 3484 877 3577 convenientia
893 3526 1133 3593 consensuque;
1158 3524 1216 3568 eo·

89 3626 230 3714 demque
261 3627 359 3693 modo
388 3629 577 3707 ridendum,
609 3644 733 3706 utrum,
767 3649 850 3694 nova
882 3629 1025 3692 lectione
1058 3621 1214 3693 adhibita,

90 3765 172 3831 quae
194 3743 292 3808 dubia
309 3742 474 3822 fuerint,
462 3769 527 3830 Jam
546 3763 636 3811 certa
657 3767 729 3810 essa
744 3744 925 3834 coeperint,
948 3762 1009 3807 neo
1031 3762 1083 3806 ne
1086 3744 1106 3776 “
1135 3735 1214 3802 Hel·

89 3860 290 3929 dictantem
309 3860 351 3926 ad
371 3866 461 3927 caan
475 3861 553 3926 hell.
570 3862 633 3928 eir
652 3861 760 3927 Praei
752 3884 810 3948 p.
825 3864 879 3925 xl
900 3860 1090 3926 haecdicit:
1116 3853 1215 3954 „eri-

88 3977 168 4042 ticos
190 3977 426 4085 disputationes
448 3977 490 4043 de
511 3977 562 4040 lais
591 3992 713 4041 tantum
740 3978 824 4043 loeis
851 3976 993 4062 ingressi
1023 3995 1149 4049 sumus,
1179 3969 1214 4032 in

90 4093 206 4222 quibus
227 4097 280 4161 vel
301 4095 430 4181 linguae
456 4084 690 4180 perdiscendae
716 4094 962 4174 facultatatem,
981 4095 1035 4162 rel
1056 4093 1216 4199 palaestra
