2654 4658
79 373 126 436 88
439 359 576 431 lNDEX
600 361 891 431 ntsrottlcus..

88 536 250 604 Pontius
277 534 323 598 T,
344 533 432 588 hoino
458 516 594 606 'alioquin
619 490 777 605 ignobilid,
798 528 934 589 canturio
955 530 1085 586 maximi
1106 531 1208 591 roboris

157 635 224 690 fult.
266 629 328 686 Cir.
349 629 448 687 adnot.
468 630 491 702 ᾗ.
512 639 556 693 53.
576 650 606 704 p.
626 640 672 691 27.

75 809 244 871 ¹Porcius
263 807 303 862 Μ,
324 807 424 870 Cato,
445 803 619 878 cognomine
639 800 808 869 Censorius,
827 801 870 856 Μ.
888 798 923 858 1³2
953 801 1085 859 Catonis
1104 804 1202 862 Uticen-

159 908 197 963 sis
223 922 368 982 proavus,
395 921 422 960 a.
443 903 480 961 U.
504 902 591 973 DlX,
616 903 694 956 circa
714 899 835 956 secundi
855 899 962 956 Punici
984 901 1063 957 belli
1083 915 1198 979 tempora

158 1005 278 1063 'laterali
305 1008 349 1077 ,in
392 1003 555 1076 municipio
599 1001 750 1055 Romano
778 1011 861 1055 natus
906 1008 960 1054 est.
1014 1004 1052 1056 In
1082 1004 1199 1065 heradio,

74 1172 78 1179 ¹
157 1106 238 1181 qnod
259 1107 290 1161 in
309 1105 426 1161 Sabinis
445 1119 462 1159 a
481 1112 564 1177 patre
582 1098 719 1156 relictum
737 1099 881 1166 habebat,
906 1099 1069 1156 laboribus
1095 1106 1200 1160 rusticis

158 1218 187 1262 et
200 1215 373 1280 paupertate
386 1202 513 1278 primam
527 1200 757 1257 adolescentiam
771 1197 938 1255 exercebat.
958 1199 1085 1255 Hortata
1099 1200 1200 1258 deindo

156 1305 191 1362 1..
211 1302 328 1361 Valerii
351 1301 450 1375 Flacci
469 1303 592 1356 Romam
622 1276 812 1373 demigravit,
831 1307 919 1372 atquc
944 1296 1106 1355 honoribus
1129 1320 1195 1374 ope.

155 1421 221 1458 ram
238 1401 308 1458 dare
328 1399 437 1473 coepit.
474 1398 532 1453 Hic
550 1409 646 1454 autem
672 1399 802 1473 primum
827 1394 1016 1471 stipendium
1041 1397 1195 1454 adolescan-

154 1504 232 1560 tulus
260 1502 361 1559 decem
387 1511 416 1556 et
441 1509 553 1572 septem
573 1512 717 1555 annorum
737 1497 861 1559 meruit,
886 1513 952 1552 cnm
975 1497 1015 1580 Q.
1035 1496 1130 1553 Fabio
1145 1499 1199 1552 Ma·

154 1604 232 1659 ‘ximo
252 1600 291 1656 ad
309 1601 440 1673 Capuam
465 1608 494 1652 et
521 1600 681 1654 Tarentum
703 1597 788 1654 milas
811 1595 984 1671 profectum
1021 1615 1100 1671 quas
1124 1599 1200 1654 mbo

153 1705 209 1760 sub
233 1704 321 1759 linem
347 1698 468 1758 secundi
493 1697 598 1754 Punici
622 1695 713 1763 belli,
743 1696 879 1757 initalia
896 1692 1027 1769 quidem
1045 1700 1141 1772 gasti,
1164 1717 1198 1754 η.

154 1814 255 1878 ceptae
275 1813 350 1856 sunt.
389 1798 458 1854 Mox
482 1795 619 1852 tribunus
639 1795 765 1850 militum
787 1796 819 1849 in
838 1795 973 1850 Siciliam
994 1797 1198 1870 profectuosa

152 1923 219 1958 cum
238 1904 280 1956 M.
302 1898 428 1957 Claudio
447 1896 609 1960 Marcello,
636 1893 687 1968 qui
719 1911 747 1955 a,
766 1895 801 1951 U.
820 1895 956 1952 Dxtttt
973 1870 1142 1966 Syracusas
1165 1917 1195 1954 er·

151 1999 302 2077 pugnavit.
341 1997 425 2053 Unde
445 2013 535 2070 quum
553 1993 705 2057 rediisset,
730 2011 847 2068 pugnae
872 1993 908 2050 ad
927 1993 1045 2052 Senam
1067 1998 1195 2064 interfuit,

96 2078 101 2090 ⁸
153 2119 212 2176 qua
230 2097 397 2154 Hasdrubal
415 2095 585 2151 Hannibalis
610 2092 704 2149 frater
722 2111 751 2154 a.
772 2096 804 2152 C·
825 2093 951 2150 Claudio
984 2097 1117 2153 Nerone
1137 2098 1196 2153 hen

153 2208 196 2252 est
215 2208 302 2271 atque
318 2183 511 2264 interfectus,
533 2209 608 2270 quae
630 2209 730 2269 pugna
749 2195 856 2250 accidit
874 2211 902 2253 a.
922 2193 960 2249 U.
984 2195 1124 2257 DXLVl.
1158 2201 1194 2253 to·

153 2298 220 2352 dam
239 2296 321 2351 bello
341 2303 480 2370 quaestor
499 2295 604 2369 obtigit
623 2296 657 2354 P.
679 2293 825 2370 Scipioni,
846 2295 908 2369 qui,
928 2312 1000 2349 cum
1018 2310 1149 2369 praetor
1165 2315 1192 2352 ss·

152 2407 197 2453 set
215 2395 346 2464 Siciliae,
367 2394 500 2451 exercitu
519 2395 550 2450 in
568 2392 700 2450 Africam
719 2413 748 2456 a.
759 2377 803 2452 'tt
822 2395 939 2451 DXLlX
955 2396 1117 2466 trajecto,
1142 2401 1191 2454 Ροε-

152 2511 207 2553 nos
225 2494 264 2551 ad
282 2499 402 2552 Zamam
421 2492 542 2554 devicit.
579 2494 651 2551 Inde
672 2493 818 2550 decedens
839 2493 911 2549 Cato
930 2494 1070 2550 Ennium
1098 2502 1190 2573 potui

153 2612 189 2654 ex
208 2593 345 2651 Sardinia
364 2594 486 2649 Romam
506 2592 624 2649 deduxit
631 2614 642 2664 3
669 2593 760 2670 quod,
780 2593 879 2664 judice
899 2595 1018 2666 Nepote
1042 2596 1079 2652 in
1102 2595 1187 2653 eant

150 2702 190 2757 4.‘,
210 2711 270 2750 non
288 2693 413 2750 minoris
433 2693 642 2750 aestimandum
661 2704 735 2758 crat,
753 2709 840 2768 mam
858 2691 989 2766 quilibet
1006 2696 1185 2771 atnplissinr

152 2791 351 2852 sardiniensis
369 2792 544 2867 triumphus.
581 2791 749 2849 Sardiniam
767 2793 846 2848 enim
871 2803 1006 2871 praetor¹
1024 2796 1158 2852 obtinuit
1167 2810 1180 2845 o

151 2893 188 2950 U.
208 2894 297 2951 DLV.
317 2892 429 2949 Consul
446 2902 543 2946 autem
562 2882 590 2948 a.
606 2891 640 2947 U.
658 2893 780 2949 DLVIII
805 2909 871 2946 cnm
888 2891 923 2950 1..
935 2891 1071 2950 Valerio
1093 2897 1184 2951 Flacco

149 3013 238 3072 quern
255 3011 346 3069 supra
364 2990 590 3058 nominavimus,
609 2990 719 3057 factus,
738 2991 924 3066 provinciam
943 2991 1077 3048 sortitus
1099 3003 1140 3050 cat
1153 2990 1186 3043 lii·

149 3095 284 3169 apaniam
303 3091 472 3168 citeriorem
479 3107 490 3160 3
518 3091 550 3145 in
575 3107 634 3166 qua
652 3088 772 3165 quidem
796 3088 952 3164 provincia
973 3093 1091 3150 multas
1110 3103 1186 3168 gente

149 3194 453 3270 rebellantespartim
471 3189 553 3250 bello
570 3180 693 3259 domuit,
712 3189 823 3265 partim
842 3190 977 3246 oratione
997 3191 1132 3268 imperio
1144 3192 1185 3245 llo

150 3315 236 3351 mano
256 3292 437 3351 conciliavit
461 3292 495 3347 In
513 3291 595 3347 bello
616 3289 744 3366 deniquo
762 3299 865 3346 contra
878 3288 1066 3348 Antiochum
1078 3289 1184 3351 listini-

150 3398 224 3451 lium
243 3395 434 3452 Glabrionem
454 3392 603 3447 consulem
620 3401 767 3464 tamquam
792 3389 953 3445 consularis
980 3392 1098 3468 legatus
1112 3391 1185 3448 comi·

151 3504 229 3551 tatus
248 3505 309 3565 est3
327 3494 435 3567 hicque
454 3491 486 3546 in
504 3490 620 3564 praelio
644 3489 682 3545 ad
701 3488 927 3562 Thermopylas,
955 3488 1081 3551 Aetolis
1099 3512 1116 3549 a
1131 3492 1184 3562 jugo

152 3591 324 3648 Callidromi
335 3591 475 3662 dejectis,
493 3591 591 3665 magni
610 3589 666 3645 fnit
685 3591 748 3661 ejus
768 3582 871 3662 opera.'
907 3585 944 3645 t.
964 3591 1002 3646 U.
1025 3593 1121 3648 max
1137 3607 1184 3645 cun

152 3691 257 3747 eodem
276 3692 402 3754 Flacco,
416 3707 503 3765 quem
520 3691 552 3745 in
572 3691 725 3746 consulatu
743 3688 884 3762 collegam
902 3686 1076 3758 habuerat,
1101 3701 1180 3746 censa

153 3791 248 3871 sactus
266 3806 368 3844 severe
386 3788 517 3862 praefuit
534 3788 561 3844 ei
580 3790 716 3862 potestati
722 3807 734 3859 5
753 3773 868 3842 namet
886 3786 1063 3859 complures
1087 3786 1182 3844 nobiles

64 3943 67 3948 .
153 3899 255 3946 senatu
272 3888 375 3956 movit,
395 3888 426 3941 in
445 3888 553 3960 quibua
573 3889 660 3943 ctiam
678 3887 712 3942 1..
728 3886 881 3968 Quintium
906 3885 1117 3944 Flamininum
1135 3902 1182 3943 cor

153 3990 294 4056 sularcm,
320 3998 348 4045 et
366 3986 468 4042 multas
488 4006 536 4042 res
555 4005 647 4043 novas
666 3987 696 4041 in
718 3983 843 4040 edictum
862 3983 995 4051 addidit,
1023 3988 1139 4062 quihus
1156 3986 1185 4039 ln·

153 4090 237 4144 auria
255 4090 453 4145 Romanorum
472 4087 693 4159 reprimeretur.
719 4087 784 4167 Quo
809 4083 916 4141 factum
935 4094 990 4148 est,
1008 4097 1047 4142 ut
1060 4087 1088 4144 is
1101 4096 1189 4163 postea

153 4188 288 4244 Censorii
308 4190 432 4246 liaberet
449 4203 623 4261 cognomen,
660 4185 758 4260 Usque
777 4182 814 4240 ad
831 4179 990 4241 extremam
1005 4197 1189 4245 senectutem,
