2654 4658
1158 333 1220 406 vn

94 511 258 576 ,Cicerone
277 504 474 589 laudantura
489 521 566 568 num
584 500 686 590 igitur
705 497 844 567 alienum
859 497 934 578 erit,
953 516 1077 587 pugnas
1106 522 1220 566 eorum
1308 562 1310 568 ,

94 628 243 697 breviter
262 623 417 688 narrare?
459 599 524 720 Qui
538 620 662 706 poterit
671 641 820 706 magnum
840 619 970 684 Aemilii
983 619 1131 697 animum,
1154 622 1218 683 nisi

92 759 200 806 morte
230 741 326 825 hujus
358 739 591 826 gloriosissima
621 737 685 822 ipsi
707 735 885 821 descripta,
923 756 1005 821 puer
1036 756 1110 799 cum
1137 756 1224 823 sene
1294 779 1297 787 -

96 845 219 945 Catone
240 855 414 920 admirari?
457 853 547 917 Idem
581 870 679 940 quum
699 852 818 916 irridet
837 852 970 915 Milonis
1000 853 1088 916 illius
1116 855 1216 932 virsa,

94 993 202 1058 neque
221 972 352 1035 roboris
369 971 405 1035 in
419 969 484 1035 hoc
505 970 722 1045 enarratione,
741 989 849 1060 neque
868 968 1087 1048 victoriarum,
1108 990 1215 1057 neque
1283 956 1286 962 Δ

95 1089 210 1159 mortis
222 1088 423 1152 miserrimae
438 1103 488 1152 est
494 1083 779 1172 supersedendum.
787 1083 887 1177 Quod
896 1105 991 1169 quum
1004 1086 1083 1152 mihi
1091 1086 1214 1150 facien·

93 1206 170 1268 dum
189 1202 497 1278 esse'censuissem,
519 1220 600 1287 quae
620 1199 661 1264 de
681 1219 742 1262 una
760 1221 798 1264 re
813 1200 1021 1285 velpersona
1034 1201 1214 1286 digerenda

92 1337 186 1385 erant
205 1320 241 1385 in
261 1322 389 1386 notulas
408 1318 564 1391 diversas,
585 1318 620 1377 in
639 1335 736 1379 unum
753 1318 916 1402 congessi,
936 1331 1031 1403 atque
1049 1317 1089 1379 ad
1112 1319 1212 1382 instar
1235 1308 1237 1310 ’

91 1418 210 1506 indicis
231 1436 267 1498 in
284 1434 350 1497 fine
368 1432 475 1496 libelli
489 1429 625 1514 subjeci.

158 1601 231 1666 Sed
243 1600 341 1667 renio
361 1596 401 1662 ad
421 1600 556 1663 alteram
577 1593 809 1690 quaestionem,
832 1617 913 1688 quae
933 1616 983 1665 est
994 1580 1037 1664 de
1050 1618 1210 1666 sermone.

84 1715 312 1803 Egoquidem
331 1731 423 1808 notas
441 1717 475 1777 in
495 1719 652 1782 Catonem
672 1719 787 1781 Latine
806 1720 943 1801 scripsi,
965 1738 1032 1781 non
1053 1718 1141 1803 quod
1154 1722 1209 1803 ‘ig-

84 1854 250 1911 norarem‚
272 1836 390 1897 multos
413 1855 503 1932 esse,
526 1818 582 1919 qui
608 1850 719 1898 contra
740 1835 915 1909 sentirent,
945 1835 1005 1896 'sed
1030 1835 1117 1918 quod
1140 1857 1208 1910 eos,

85 1950 142 2036 qui
160 1950 195 2010 in
210 1952 372 2015 contraria
386 1964 496 2014 essent
511 1951 681 2026 sententia,
694 1951 793 2013 falsos
807 1945 879 2012 esse
895 1950 971 2014 ridi.
993 1949 1085 2046 Quid
1100 1951 1208 2012 enim?
1234 1930 1238 1947 ἃ

83 2077 233 2137 noanon
247 2087 297 2137 est
308 2087 453 2152 pugnare
466 2087 585 2141 secum,
598 2067 722 2142 dicere,
739 2067 855 2151 quibus
869 2067 1037 2150 discipulis
1050 2067 1084 2127 in
1096 2088 1207 2130 manus
1302 2119 1303 2122 ,

83 2187 168 2252 tradi
183 2189 314 2253 chartae
332 2185 472 2248 debeant
488 2182 728 2276 Ciceronianae,
746 2185 807 2246 his·
818 2185 986 2248 intellectu
1002 2165 1207 2247 difficiliores

85 2323 158 2365 esse
171 2279 297 2365 notulas
304 2299 455 2364 Latinas?
467 2298 563 2393 Quod
572 2296 703 2381 quidem
716 2302 744 2360 si
757 2304 868 2364 rerum
882 2315 975 2375 esset,
983 2297 1053 2362 istis
1063 2300 1205 2384 dissipas

85 2416 128 2478 lis
146 2433 219 2498 non,
225 2415 349 2480 dandus
361 2431 433 2478 erat
446 2415 581 2492 Cicer03
598 2415 655 2498 qui
667 2417 720 2476 cui
734 2430 823 2500 recte
835 2415 975 2507 dabitur,
991 2437 1051 2477 nae
1064 2416 1120 2478 ille
1138 2438 1204 2479 non

78 2531 214 2596 multum
222 2531 372 2597 haerebit
378 2532 413 2594 in
424 2522 510 2594 notis
519 2528 653 2591 Latinis.
667 2531 734 2592 lmo
742 2529 861 2612 largiar
870 2530 957 2593 istud
968 2531 1083 2614 ipsum,
1097 2505 1220 2616 quarn-³

79 2647 130 2712 vis
144 2647 318 2727 absurdum
332 2650 384 2712 sit.
405 2633 449 2711 dt
463 2647 596 2731 ingenie
607 2659 671 2709 tam
685 2648 782 2731 pigro
793 2646 995 2731 discipulum,
1008 2649 1095 2733 quin,
1104 2646 1208 2735 inodo

79 2764 202 2852 aliquot
220 2786 281 2850 per
301 2764 373 2827 dies
391 2779 482 2828 notas
501 2745 635 2826 Latinas.
648 2762 851 2837 tractaverit,
878 2765 931 2828 ael
950 2764 1120 2827 maximum
1143 2765 1199 2828 ha-

80 2901 153 2940 rum
177 2902 270 2942 usum
297 2881 421 2958 habeat,
454 2880 619 2959 invenies,
646 2882 782 2964 opinor,
802 2882 978 2945 nemiuem.
1018 2879 1085 2944 sea
1118 2881 1202 2946 istuc

79 2991 167 3055 unde
194 2996 407 3078 repetendum
436 2996 495 3072 sit,
526 3018 592 3074 non
611 2995 726 3086 video,
743 3019 811 3063 ,cur
829 3019 894 3062 non
921 2998 1055 3062 audeam
1080 2999 1201 3062 dicere.

80 3109 227 3194 vestigia
253 3111 340 3173 enim
367 3112 401 3172 in
423 3112 485 3174 isto
505 3132 645 3176 cernere
671 3112 752 3175 mihi
770 3113 886 3178 videor
906 3131 1017 3178 sectae
1037 3114 1201 3200 cujusdam

83 3222 300 3304 delicatioris,
336 3249 436 3316 quae,
473 3243 506 3290 et
534 3227 615 3292 haec
647 3228 733 3294 intra
762 3230 876 3292 limina
908 3249 981 3294 sese
1016 3233 1198 3310 insinuans,

80 3341 173 3426 qnasi
202 3344 357 3429 quaedam
385 3329 485 3408 fracta
511 3334 738 3410 misericordia
755 3345 897 3411 filiorum
928 3350 1119 3427 matercula,
1139 3352 1198 3413 mi-

74 3474 178 3520 nuere
198 3459 344 3524 laborem
370 3463 459 3545 cupit
483 3462 738 3549 industriamque
769 3464 927 3529 discendi.
952 3469 1059 3550 ⁸Ergo
1090 3468 1198 3529 incre·
1264 3515 1268 3533 .

74 3568 197 3636 brescit
214 3596 299 3639 nunc
323 3580 555 3662 quummaxime
580 3579 684 3643 futilis
702 3581 873 3644 stultorum
897 3582 1097 3668 quorundam
1121 3603 1198 3667 pac-

74 3683 276 3772 dagcgorum
294 3687 453 3781 plenaque
470 3696 612 3761 levitatis
632 3698 805 3779 sententia3
824 3719 905 3784 quae
925 3698 965 3761 ab
983 3697 1073 3764 omni
1090 3698 1195 3762 inton-

76 3803 169 3869 tione
188 3807 297 3885 animi,
318 3808 506 3898 assiduaque
526 3833 563 3876 ac
581 3811 767 3877 vehementi
789 3816 1001 3898 occupatione
1016 3814 1196 3879 studiorum

75 3919 246 4000 abhorret,
267 3926 413 4011 igriariae
432 3928 635 4016 inertiaeque
653 3929 746 4004 testis
766 3947 862 4016 atque
886 3928 1062 3994 adulatrix!
1082 3923 1085 3928 ’
1107 3931 1194 4029 Quo·
1290 3940 1294 3950 '

77 4057 148 4098 rum
167 4037 304 4104 fatuitati
326 4042 437 4107 dubito
457 4068 496 4106 an
517 4066 628 4109 omnes
648 4049 797 4110 assentiri
814 4047 989 4123 videamur,
1009 4046 1192 4134 quicunque

74 4173 92 4214 a
112 4152 187 4239 lege
209 4155 445 4222 decesserimus
464 4160 653 4246 discipliuae
672 4163 859 4229 severioris.
885 4162 1107 4246 Paraphrasim
1122 4163 1192 4250 qui-
