2654 4658
274 425 277 433 ,
299 358 360 422 na
382 353 633 422 annnorum:
653 357 746 420 car.
768 357 854 424 xiv.
873 356 945 423 xv.
1141 314 1197 423 tr

63 525 159 593 renes
179 526 328 591 vidimus.
350 529 395 588 M,
416 543 497 587 vero
517 521 707 607 Cethegum,
729 538 824 606 quem
840 512 937 583 ‘recte
963 505 1098 584 suadae
1118 537 1187 582 me·
1247 608 1249 612 ,
1300 519 1304 525 ’

63 617 194 696 duliam
215 632 298 695 dixit
316 628 457 708 Ennius,
484 645 600 716 quanto
622 611 729 692 studio
755 627 906 719 exerceri
925 631 960 691 in
980 628 1118 692 dicendo
1137 630 1187 694 ri-

63 716 229 815 debamua,
252 732 348 802 etiam
370 738 497 801 senem!
541 738 632 836 Quae
652 752 725 799 sunt
745 737 846 821 igitur
867 738 1042 821 epularum,
1063 751 1116 799 aut
1135 737 1186 798 ln·

63 847 191 922 dorum,
215 862 267 910 aut
287 862 469 910 scortorum
486 846 667 928 voluptates
699 865 771 905 cum
791 845 842 907 his
863 848 1078 931 voluptatibus
1099 867 1186 910 com·

63 953 248 1038 parandae?
287 954 394 1037 Atque
414 954 494 1016 haec
514 952 645 1038 quidem
666 952 768 1018 studia
789 951 971 1018 doctrinae:
1004 977 1093 1041 quac¹
1116 955 1187 1038 qui-

63 1059 140 1123 dem
157 1060 371 1145 prudentibus
392 1075 426 1123 et
453 1061 538 1124 bene
560 1061 714 1122 institutis
735 1060 865 1146 pariter,
881 1080 953 1122 eum
974 1075 1077 1122 aetate
1100 1068 1196 1139 cren>¹
1264 1125 1268 1139 ι

63 1150 156 1250 cunm
178 1183 213 1232 ut
230 1169 401 1232 honestum
423 1169 505 1231 illud
524 1167 655 1230 Solonis
674 1168 727 1240 sit,
750 1167 838 1252 quod
856 1168 901 1229 ait
919 1167 1082 1230 versiculo
1105 1187 1185 1248 quo-

63 1274 151 1350 dam,
170 1289 206 1338 ut
224 1273 296 1337 an‘te
317 1274 402 1349 dixi,
423 1293 595 1336 senescere
617 1295 662 1348 se,
686 1274 784 1336 multa
803 1274 838 1334 in
859 1272 929 1334 dica
949 1273 1185 1336 addiscentem:

63 1401 127 1466 qua
145 1380 309 1464 voluptate
328 1380 426 1452 animi
444 1379 531 1442 nulla
550 1395 639 1444 certe
659 1395 770 1464 potest
792 1401 864 1443 cose
885 1382 997 1444 maior.
1079 1385 1082 1393 ‘

271 1511 296 1573 e
319 1532 336 1572 a
357 1531 379 1593 p
401 1511 413 1571 t
437 1525 450 1573 t
470 1524 493 1573 t.
535 1515 607 1588 xv.
630 1515 714 1585 xvi.
736 1516 840 1580 xvir.
862 1515 977 1580 xvm.

139 1609 312 1667 Studiorum
331 1611 467 1668 senilium
486 1613 596 1687 primas
616 1612 714 1686 defert
732 1614 948 1688 agriculturae,
977 1631 1034 1688 qua
1060 1611 1189 1669 incredi-

63 1707 167 1766 biliter
193 1709 332 1766 delectari
359 1728 390 1767 se
418 1710 506 1782 dicit3
540 1722 602 1769 tum
628 1691 812 1788 digressione
838 1715 975 1787 longiore
1005 1713 1190 1787 agricolandi

63 1820 151 1876 artes,
171 1820 256 1884 atque
277 1809 386 1868 assidui
406 1805 554 1886 agricolae
574 1811 689 1867 fructus
708 1813 759 1885 qui
781 1814 855 1881 sint,
887 1813 1059 1870 suavissime
1082 1812 1190 1868 deseri·
1237 1863 1240 1870 .

63 1907 120 1977 bit,
141 1909 312 1985 beatamque
329 1929 410 1978 esse,
431 1913 490 1978 ait,
512 1929 546 1966 aa
564 1912 699 1986 proxime
719 1909 756 1966 ad
776 1913 916 1984 sapientis
936 1914 1026 1968 vitam
1047 1911 1190 1967 accedere

63 2008 153 2064 vitam
172 1995 490 2088 agricolarumyquod
504 2011 599 2077 Curii,
620 2009 798 2070 Cincinnati,
820 2010 888 2084 Cyri
908 2012 1033 2068 minoris
1054 2011 1190 2085 exemplo

63 2109 226 2164 confirmat.
266 2090 353 2193 Quod
379 2111 519 2185 eorporis
546 2118 641 2164 autem
668 2109 870 2182 voluptatibus
890 2118 1007 2166 careant
1027 2127 1130 2178 tenes,
1157 2109 1191 2165 id

63 2207 260 2275 auctoritatis,
288 2219 317 2263 et
341 2209 421 2264 illius
450 2208 568 2284 quidem
588 2226 649 2263 non
668 2225 685 2262 e
704 2208 783 2263 canis
801 2210 850 2266 vel
868 2210 951 2285 rugia
971 2209 1099 2285 petitae,
1137 2207 1192 2262 aad

65 2305 175 2375 justae,
195 2307 379 2379 compensari
401 2308 540 2382 praemiis
547 2325 557 2375 3
588 2323 666 2380 qnae
691 2306 723 2360 in
749 2323 921 2383 quacunque
945 2309 1055 2380 optime
1074 2317 1190 2362 morata

63 2403 182 2460 civitate
216 2404 374 2477 grandibus
397 2417 469 2462 natu
492 2406 616 2461 maxime
640 2404 854 2477 concedentem
885 2417 913 2462 at
935 2388 1136 2480 'asperitatem
1161 2415 1192 2462 ct

65 2500 252 2577 iracundiam
271 2513 300 2560 et
318 2504 472 2561 avaritiam
491 2522 606 2559 morum
624 2504 698 2562 vitia
717 2523 791 2570 esse,
809 2513 869 2561 non
887 2504 1055 2561 senectutis.

147 2603 217 2669 XV.
240 2604 343 2665 Venio
362 2624 448 2667 nunc
471 2603 511 2666 ad
532 2606 714 2687 voluptates
736 2605 959 2688 agricolarum,
981 2594 1097 2687 quibus
1116 2610 1227 2694 eg05l
1259 2693 1261 2697 7

63 2705 307 2772 incredibiliter
328 2709 488 2775 delector:
509 2732 590 2796 quae
610 2732 671 2774 nec
692 2713 761 2777 ulla,
772 2711 990 2797 impediuntur
1008 2715 1200 2799 senectute,¹
1230 2729 1231 2733 ’

63 2810 278 2837 ....-..
363 2832 366 2836 Δ

99 2869 243 2939 Atquin.
264 2870 298 2922 E.
729 2935 731 2939 ἢ

63 2967 269 3029 locualloratii
283 2966 434 3028 Od.111.5.
450 2978 606 3041 insanam
643 2969 723 3046 quod
750 2969 979 3026 demonstratum
997 2957 1046 3025 vel
1081 2967 1191 3026 dictum

63 3066 122 3124 dua
137 3077 188 3134 est,
204 3077 285 3136 atque
295 3068 395 3119 edebat
409 3087 466 3140 pro
480 3073 604 3142 atquitc.
644 3082 704 3138 est,
724 3056 840 3128 iterum
858 3067 1134 3142 comprehenditur,
1162 3076 1192 3123 et

63 3165 208 3242 legendoj
241 3183 310 3220 nam
341 3165 444 3224 ultima
469 3169 500 3223 in
526 3181 607 3244 atque
644 3171 684 3226 ita
703 3188 767 3225 rem
797 3179 891 3224 aetam
910 3184 972 3223 earo
999 3165 1188 3241 significatur,

63 3269 154 3340 longa
167 3265 198 3321 fit
211 3265 369 3340 positione.
384 3265 538 3325 Caeterum
549 3272 606 3327 cfr.
643 3280 676 3325 nt
702 3268 766 3328 Cia.
792 3269 857 3332 Off,
876 3272 900 3326 1.
926 3264 953 3324 6·
983 3274 1046 3336 190·
1084 3265 1132 3318 Ac
1156 3265 1190 3323 de

63 3366 106 3426 nd
123 3367 152 3423 h·
172 3364 264 3421 l·“V1·
286 3362 346 3439 16·;
367 3367 472 3427 xV111.
490 3366 556 3444 65.3
579 3386 609 3431 ot
643 3373 735 3442 primo
755 3370 863 3442 quidem
882 3367 1129 3449 afficioramwscnte
1147 3363 1188 3418 di-

63 3464 104 3522 ad
122 3456 211 3525 xx11.
232 3472 277 3528 ao.
646 3473 746 3524 armas.
772 3453 855 3526 orat.
882 3474 925 3527 1⁵.
951 3474 1002 3527 50:
1027 3467 1141 3537 Atque
1159 3466 1189 3517 u

106 3562 217 3618 Suadae
234 3566 395 3637 medullam]
415 3567 529 3645 integer
542 3588 607 3627 ver·
644 3573 741 3641 primia
778 3569 884 3622 duabus
922 3567 1027 3620 dicendi
1063 3565 1189 3635 partibus

63 3663 282 3722 riculusaonat:
590 3657 592 3660 ,
646 3655 734 3742 qualit
752 3679 827 3749 earet,
845 3668 1004 3720 summatim
1022 3664 1190 3736 breviterque

102 3764 168 3818 Hos
187 3765 319 3821 delibatas
337 3748 435 3840 populi
448 3771 610 3845 Suadaeque
646 3772 841 3842 descripsimus.
869 3807 885 3859 ,'
1016 3749 1018 3751 .

63 3865 197 3920 medulla.

100 3965 192 4038 Atque
217 3967 285 4020 laaec
315 3968 437 4039 quidem]
469 3938 609 4046 irequena
686 3968 758 4042 Cap.
784 3968 850 4027 XV.
887 3965 914 4040 §.
948 3972 995 4025 51.
1032 3963 1188 4034 voluptates

63 4067 153 4138 liniue
171 4067 335 4144 particulae
353 4086 422 4125 naua
448 4068 472 4124 is
491 4081 551 4133 est,
577 4082 609 4126 ut
647 4066 779 4140 agrian]
804 4064 963 4123 ‘Sermonis
996 4060 1189 4123 familiaritati

63 4168 152 4225 flacm
192 4167 324 4241 imponat
361 4167 506 4237 orationi,
545 4170 608 4239 ubi,
643 4172 701 4237 noo,
723 4165 914 4233 tribuendum
938 4173 999 4230 θοι,
1032 4161 1112 4241 quod
1139 4161 1189 4223 Gi·
1266 4234 1269 4239 ,
