2654 4658
552 311 686 379 -cnro
706 301 850 380 nator

383 470 658 563 'Capita
698 480 986 551 mmm.

228 608 316 696 Quod
335 609 373 666 ad
391 612 508 668 tertiam
527 616 696 687 querelam,
713 633 776 671 nou
794 610 885 670 modo
903 612 1015 669 nullam
1032 614 1279 692 vituperationem

152 708 205 773 'ted
224 729 364 768 summam
381 710 500 767 laudem
520 712 677 768 senectutis
698 730 781 777 esse,
799 712 881 787 quod
898 728 934 768 ea
950 716 1050 770 west
1069 716 1278 794 voluptatihu.

151 814 234 873 ltitil
254 812 416 893 enimlesse
434 811 562 867 hominis
587 811 678 865 menti
695 820 756 864 tam
780 809 935 867 iuimicmu
952 823 1075 888 umque
1095 818 1275 890 pestiferae,

152 931 243 989 vam
261 912 441 996 voluptatem
447 929 459 980 3
471 911 566 967 'unde
585 926 672 964 omae
691 907 877 981 flagitiorum
903 927 994 984 genna
1012 923 1043 969 et
1063 917 1226 974 scelermu
1247 937 1273 975 st

152 1023 261 1068 tratur.
303 1012 345 1065 Ex
375 1029 435 1085 quo
462 1005 705 1083 intelligendum,
734 1010 872 1082 'ganam
890 1009 1071 1067 -babendam
1098 1031 1173 1071 esse
1195 1004 1279 1075 'sene

151 1111 228 1178 suti.
259 1111 284 1166 a
310 1110 461 1166 nomnen
490 1108 650 1164 libidinum
673 1107 875 1164 dominatione
898 1109 1017 1166 masc
1055 1113 1175 1188 nsque
1198 1090 1303 1172 emes'

151 1208 283 1265 bucule
310 1209 511 1284 voluptatibus
536 1223 642 1261 carere
655 1225 731 1262 nam
755 1217 892 1264 aetatem.
935 1205 1008 1263 Frui
1034 1208 1125 1264 euim
1147 1215 1283 1273 taurinis

153 1307 375 1380 amicorumque
393 1305 592 1389 sermonibus,
611 1304 754 1361 delectari
773 1306 879 1362 endiis
896 1317 986 1382 atque
1002 1304 1165 1370 doctriua.

111 1461 156 1536 39
236 1457 311 1520 ΧΠ.
355 1454 510 1542 Sequitur
527 1453 625 1518 tertio
648 1453 846 1538 vituperatio
872 1456 1073 1536 senectutis,
1110 1460 1284 1549 quodem

153 1582 270 1625 carere
292 1563 404 1627 dicunt
423 1561 652 1645 voluptatibus.
695 1561 728 1625 0
747 1563 951 1646 praeclarum
971 1586 1093 1631 munus
1110 1571 1248 1647 aetatis,
1265 1569 1285 1632 si

154 1671 287 1758 quidem
307 1671 343 1732 id
363 1669 470 1734 aufert
490 1669 602 1761 nobis,
635 1668 722 1753 quod
743 1667 848 1733 estin
868 1671 998 1737 stolesc
1111 1660 1131 1681 κ

153 1781 272 1842 mum!
306 1779 456 1861 Accipite
479 1779 574 1858 enim,
600 1779 715 1861 optimi
736 1776 977 1879 adolescentes,
999 1794 1149 1844 veterem
1173 1787 1283 1849 oratic

156 1904 235 1946 nem
255 1885 416 1966 Archytae
439 1885 617 1977 Τιιθιιῐίιιί,
640 1887 750 1968 magni
771 1886 806 1946 in
826 1887 943 1969 primis
964 1901 1000 1949 et
1019 1890 1189 1971 praeclari
1208 1894 1284 1972 viri3

157 2011 248 2075 quae.
264 1992 345 2054 mihi
366 1993 483 2056 tradita
513 2008 578 2069 est,
608 2012 680 2082 epm
702 2012 810 2054 essem
839 1991 1028 2056 adolescens
1052 2000 1196 2063 Tarenti
1221 2020 1283 2064 cam

158 2098 200 2195 Q.
222 2098 375 2162 Maximo.
419 2101 570 2177 „Nullam
593 2100 814 2183 capitaliorem
833 2115 979 2183 pestem,
1010 2122 1114 2186 quam
1141 2108 1281 2203 corporis

155 2205 364 2289 voluptatem,
385 2207 570 2268 hominibus
592 2206 722 2268 dicebat
742 2228 760 2267 a
781 2220 896 2268 natura
916 2207 1036 2287 datam3
1060 2211 1162 2274 cuius
1183 2196 1283 2297 volup

158 2311 235 2374 tatis
256 2308 385 2376 'avidae
407 2312 560 2374 libidines
580 2327 705 2375 temere
733 2324 767 2375 et
787 2310 945 2376 effrenate
968 2314 1008 2377 ad
1028 2320 1232 2399 potiundam
1244 2323 1282 2383 in·

117 2419 310 2484 40citarent.
351 2421 440 2482 Hinc
470 2420 593 2509 patriae
622 2418 847 2503 proditiones,
876 2420 953 2484 hinc
973 2424 1282 2511 rerumpublicarum

52 2530 56 2539 ’
159 2526 368 2601 eversiones,
401 2526 479 2589 hinc
506 2547 579 2588 cum
598 2527 747 2591 hostibus
775 2528 974 2592 clandestina
994 2530 1166 2618 colloquia
1191 2538 1281 2617 nasci3

158 2635 282 2696 nullum
302 2632 446 2719 denique
468 2633 586 2710 scelus,
607 2635 730 2700 nullum
751 2633 868 2698 malum
886 2634 1011 2701 facinus
1032 2658 1121 2720 csse,
1133 2632 1191 2708 ¹ad
1213 2645 1282 2735 qual

166 2915 169 2919 '
197 2900 246 2963 39·
286 2890 385 2965 Vulgo
404 2893 592 2948 incitarentur.
611 2919 650 2936 ·-

114 3005 117 3011 ’
160 3012 167 3069 ,’
198 3014 271 3089 Cap.
291 3016 356 3070 XII.
383 3005 408 3077 l.
428 3019 477 3069 40.
502 3009 642 3060 scelas-
656 3008 705 3080 ja·
734 3005 873 3081 flagitiosi
890 3022 993 3068 contra
1007 3031 1039 3070 se
1051 3013 1138 3090 ipsos
1150 3035 1282 3097 peccant

161 3117 237 3168 cinus
256 3144 292 3156 -
304 3109 462 3183 flagitium]
487 3110 571 3162 scelus
591 3120 617 3162 et
630 3112 704 3180 sacl-
743 3111 811 3165 illos
829 3129 928 3186 poena
947 3115 1159 3189 consequitur,
1179 3125 1230 3180 hos
1246 3126 1285 3178 in·

160 3235 211 3271 nas
229 3213 322 3288 gradu
350 3186 498 3265 differunt.
537 3213 609 3273 illam
634 3209 706 3264 iaci
742 3208 849 3279 ssmia3
894 3211 986 3267 Tacit
1018 3214 1123 3274 Germ.
1153 3232 1200 3282 ¹2:
1240 3224 1284 3277 Di.

160 3333 231 3377 uus,
257 3331 347 3387 (laum
363 3310 440 3365 malo
459 3327 562 3371 sensu,
586 3315 619 3364 ut
642 3310 705 3383 ple
741 3312 849 3363 stinctio
868 3327 1020 3403 pomarum
1038 3333 1071 3367 ex
1092 3320 1217 3388 delicto,
1210 3342 1283 3396 ·prr

161 3431 298 3487 rumque,
312 3411 446 3471 sumitur,
460 3406 496 3463 de
510 3411 705 3483 egregiosce
742 3392 843 3464 ditores
863 3428 898 3462 ac
912 3413 1074 3485 transfugas
1087 3420 1283 3503 arboribasss·

161 3517 224 3570 lere
245 3504 411 3577 adhibetur,
431 3518 463 3562 ut
483 3506 545 3579 eie„
559 3507 637 3564 Sext·
651 3520 703 3569 27:
741 3512 890 3580 sperarent·
921 3513 1036 3582 ignavos
1069 3528 1097 3569 et
1124 3522 1283 3580 imbslzcst

160 3617 261 3669 Postea
281 3611 356 3683 qttoti
373 3610 504 3675 scelus,
524 3610 598 3697 qaod
610 3611 703 3680 ¹jaei-
742 3628 856 3680 corpore
874 3613 989 3681 infames
1016 3633 1100 3671 coeno
1122 3639 1160 3675 ac
1179 3628 1281 3697 palude,

160 3733 223 3769 nas
248 3711 392 3782 parricida
411 3728 466 3762 non
486 3708 588 3760 edidit!
626 3709 704 3762 Mar·
742 3711 1061 3781 iniectainsupercrate,
1053 3737 1231 3794 ,mergum
1249 3729 1281 3782 Di
1320 3743 1325 3767 ι

160 3813 220 3870 rial
230 3812 279 3866 XI.
289 3820 340 3883 94·
362 3810 388 3863 0
404 3810 705 3880 scelus,omagnum
741 3813 857 3863 versitas
894 3813 1025 3882 supplicii
1062 3818 1136 3874 illud
1176 3830 1283 3899 respicit,

155 3915 320 3984 jocinus,
337 3912 623 3982 crimenqaetleornm!
645 3915 705 3966 Sce-
742 3920 886 3983 tamquam
911 3916 1047 3968 scelera
1078 3927 1190 3978 ostendi
1218 3946 1283 4000 opor

159 4012 203 4065 los
222 4022 318 4066 autem
337 4023 367 4068 et
375 4011 520 4082 flagitium
535 4009 704 4066 discerimn·
743 4022 817 4074 teat,
843 4012 910 4066 ἅιιιιι
927 4017 1096 4089 puniuntur,
1127 4024 1294 4102 flagitis·

159 4120 224 4176 tur,
250 4109 332 4186 quod
348 4112 471 4165 scelerati
497 4121 600 4169 contra
617 4112 702 4177 alios,
742 4114 881 4174 abscondi.
