2654 4658
304 333 365 395 nn
387 327 638 394 suuecrcre
660 328 752 426 cnr.
772 333 842 398 xn.
863 330 946 395 xm.
994 418 998 430 Ι
1145 339 1204 401 ..5

84 516 153 582 est:
183 499 264 562 mibi
283 518 364 561 vero
387 511 420 558 et
439 495 558 560 Flacco
579 495 764 595 neutiqpam
781 494 918 578 probari
941 498 1047 589 potuit
1063 513 1127 562 tam
1147 488 1233 562 tle-²

82 606 205 690 gitiosa
222 619 254 666 et
272 619 337 674 tam
356 601 484 685 perdita
503 599 617 678 libido,
641 623 723 687 quae
745 623 816 666 cum
835 604 959 688 probro
981 607 1108 690 privato
1131 627 1207 671 ecn-

71 713 238 797 'iungeret
259 709 390 794 imperii
412 708 564 772 dedecus.

95 887 97 891 ’
168 881 252 943 xtn.
295 879 399 960 Saepe
426 875 534 938 audivi
561 894 579 935 a
604 873 780 939 maioribus
803 891 880 939 natu
907 909 938 924 -
970 879 1025 963 qui
1047 899 1083 941 se
1104 895 1244 969 parro43

82 1007 242 1068 puerosa
264 982 395 1049 sdnibas
415 983 543 1044 audisse
567 981 719 1044 dicebant
744 1020 786 1031 —
806 983 919 1045 mirari
938 988 1068 1049 solitum
1089 989 1125 1050 C.
1144 987 1206 1050 Fa.

81 1095 230 1170 bricium,
253 1092 351 1180 quod,
374 1111 446 1154 cum
466 1069 551 1172 apud
571 1110 684 1171 regem
702 1089 863 1172 Pyrrhum
883 1091 1008 1174 legatus
1031 1108 1127 1166 esset,
1149 1113 1205 1155 au·

89 1200 191 1277 disset
213 1224 231 1262 a
250 1198 409 1264 Thessalo
427 1199 546 1271 Cinea,
580 1216 651 1257 esse
672 1199 830 1283 quendam
850 1200 999 1274 Athenis,
1023 1204 1078 1286 qui
1096 1223 1133 1264 se
1155 1224 1206 1266 sa·

49 1332 52 1343 ¹
83 1308 231 1392 piantem
256 1301 486 1390 profiteretur3
515 1309 654 1388 eumque
661 1303 803 1381 dicere,
833 1305 957 1383 omnia,
980 1328 1061 1392 quae
1081 1307 1207 1374 facere·

80 1437 164 1490 mus,
188 1415 229 1475 ad
246 1414 446 1495 voluptatem
466 1430 538 1471 esse
560 1409 743 1472 referenda.
771 1411 881 1510 Quod
903 1434 943 1475 ex
965 1435 1004 1476 eo
1026 1414 1205 1494 audientes,

46 1599 49 1605 ¹
85 1530 142 1590 ld
157 1524 289 1586 Curium
310 1535 344 1584 et
367 1521 419 1581 Ti.
443 1517 676 1580 Coruncanium
697 1535 809 1603 optare
830 1519 954 1596 solitos,
976 1536 1012 1584 ut
1033 1519 1067 1584 id
1082 1523 1207 1617 Samni·

81 1632 202 1696 tibus
193 1632 322 1715 ipsique
342 1624 467 1709 Pyrrho
485 1625 758 1707 persuaderetur,
789 1645 853 1712 quc
875 1624 1003 1688 facilius
1023 1628 1112 1691 vinci
1130 1649 1208 1711 poa·

85 1752 174 1813 sent,
204 1757 276 1800 cum
297 1748 341 1799 se
362 1731 578 1816 voluptatibus
607 1732 819 1797 dedidissent.
860 1733 994 1802 Vixerat
1015 1738 1068 1796 Μ’.
1091 1737 1208 1800 Curius

87 1865 160 1906 eum
179 1846 225 1935 B.
239 1845 360 1918 Decio,
391 1841 447 1928 qui
477 1839 696 1925 quinquennio
716 1854 789 1902 ante
810 1859 884 1904 eum
903 1842 1067 1906 consulem
1087 1863 1124 1905 se
1144 1864 1227 1927 pra⁴

85 1949 257 2034 republica
305 1962 418 2035 quarto
471 1945 638 2011 consulatu
684 1945 869 2014 devoverat.
929 1951 1046 2014 Norat
1069 1948 1208 2018 eundem

123 2212 172 2264 aa.
190 2200 251 2283 atti
274 2200 330 2276 leg.
350 2182 538 2259 eeaasene,.''

90 2403 92 2408 Ι
123 2323 225 2395 probro
243 2350 280 2364 -
300 2323 421 2392 dedecus]
453 2327 566 2399 dedecus
590 2330 629 2384 ad
665 2332 778 2383 eundem
798 2348 897 2384 casum
913 2351 969 2386 una
977 2335 1084 2405 serant,
1104 2336 1205 2392 aresta
1304 2402 1306 2404 ,

84 2424 255 2499 publicam,
275 2422 410 2491 probrum
427 2422 464 2477 ad
482 2425 628 2498 privatam
656 2409 1187 2503 -mortemconseiscantCic.Tusa.I.50
1242 2482 1245 2488 .

85 2522 135 2579 vel
161 2522 349 2579 domesticam
379 2524 458 2578 vitae
481 2524 627 2579 rationem
667 2530 722 2602 Qui
739 2529 851 2603 (animi)
862 2548 891 2582 se
902 2534 1027 2587 burnonis
1047 2505 1205 2605 corporibus
1241 2498 1251 2511 Ι

84 2622 224 2698 pertinet.
318 2678 321 2683 ,
666 2608 937 2699 contaminavissent,
957 2643 982 2684 et
995 2645 1104 2688 setotoa
1116 2636 1206 2689 iibidi.

49 2742 52 2749 ’
123 2729 627 2812 Cap.x111.§l‡3.quenaam]sc‚
665 2729 742 2781 nibus
777 2733 1017 2801 dedidissent,
1046 2736 1079 2787 iis
1098 2735 1207 2789 &vium

84 2839 255 2912 Epicurum,
275 2837 311 2895 de
323 2856 382 2913 qua
398 2837 543 2900 videndus
562 2837 627 2905 ind,
665 2833 803 2905 quoddam
818 2835 871 2889 iter
888 2851 951 2902 esse,
969 2832 1101 2887 seclusum
1113 2852 1131 2887 a
1144 2853 1208 2888 eon.

84 2937 153 2993 hist.
540 2961 545 2969 ·
663 2934 859 2992 ciiiodeoram.
873 2921 1082 3010 'Aliterautem
1095 2949 1204 2988 serem

124 3032 294 3102 dedidissent]
324 3034 385 3090 Alii
409 3037 466 3109 leg.
486 3038 626 3092 dedissent.
660 3036 791 3108 babere,
816 3035 841 3090 si
862 3022 1066 3090 voces'dedere
1085 3043 1115 3088 et
1134 3032 1203 3084 dare

86 3138 158 3192 Utra
182 3152 254 3190 vera
279 3132 316 3187 sit
341 3132 446 3193 lectio,
473 3133 505 3188 in
522 3114 627 3205 ¹medin
665 3133 702 3204 de
722 3133 872 3189 deditione
887 3127 1204 3204 victorumadhibeaa·v

85 3235 253 3310 relinquam
287 3227 466 3286 Manendum
478 3243 572 3286 autem
584 3233 628 3286 de·
664 3243 731 3299 tur,
755 3230 835 3286 idem
860 3230 923 3286 vult
940 3228 1076 3284 Bremius
1094 3226 1203 3303 adlay·

86 3336 150 3387 dere
162 3315 338 3395 sejdbeente
351 3329 471 3384 Bremia
489 3328 526 3384 ad
538 3329 628 3390 Corn.
665 3329 752 3387 saad.'
765 3333 788 3390 I.
807 3341 836 3389 2.

88 3430 394 3490 Themisc1.s.et
421 3428 610 3485 Schuetaio
601 3447 633 3484 aa
706 3425 1205 3500 quartoconsalata1dehacdbla
1281 3444 1291 3462 1

87 3528 151 3583 ind.
170 3532 231 3588 Lat.
243 3529 281 3585 11
300 3547 330 3601 p
322 3537 402 3587 ...22
422 3529 496 3599 poni
514 3545 572 3602 pro
591 3537 630 3581 ta-
667 3528 722 3582 tivi
764 3546 820 3584 usu
861 3538 926 3600 tyro
954 3527 1045 3584 adeat
1087 3529 1205 3599 Zumpt.

87 3639 146 3680 tam
173 3647 200 3680 se
231 3616 342 3693 dedere,
381 3635 413 3681 ut
444 3625 529 3681 Caes.
556 3624 628 3684 bell.
665 3643 784 3700 gramm.
804 3644 831 3684 c.
846 3637 892 3690 74,
912 3626 936 3697 §,
949 3636 1013 3691 475.
1032 3625 1131 3684 adnot.
1149 3622 1227 3684 cfr.
1244 3652 1248 3659 ·

87 3727 307 3785 Gall.111.22:
346 3743 462 3797 quorum
495 3726 562 3777 baec
591 3734 629 3778 est
663 3725 770 3786 XVIII
783 3723 833 3790 63.

84 3826 218 3888 conditio,
237 3826 277 3878 ati
290 3825 421 3878 omnibus
440 3827 468 3877 in
481 3826 541 3878 vita
554 3842 626 3877 cam·
703 3828 860 3897 devenerat]
869 3875 871 3878 .
880 3826 917 3883 de
930 3828 1037 3882 virtute
1049 3824 1208 3891 Deciorum

84 3927 174 3978 modis
193 3940 330 3976 sinaeum
348 3925 542 3994 bisfrnantur,
561 3942 628 3996 quo·
664 3925 726 3983 rid.
752 3923 813 3980 ind.
837 3900 905 3983 bist.
930 3925 961 3979 in
987 3941 1052 3980 voc.
1088 3921 1206 3992 Decius.

86 4043 149 4078 ram
172 4044 200 4077 se
237 4025 373 4077 amicitiae
401 4025 626 4094 dediderint5
701 4026 794 4079 Norat
820 4023 944 4093 eundem]
973 4023 1112 4078 Pronum.
1137 4020 1209 4073 idem

84 4124 109 4175 si
134 4125 199 4195 quid
225 4124 256 4175 iis
279 4142 329 4195 per
352 4125 408 4177 vien
431 4125 555 4193 accidat,
576 4135 629 4204 ⁸ortt
666 4125 706 4179 ita
731 4139 940 4198 nonuunquam
972 4120 1145 4182 adhibetur,
1176 4127 1209 4176 ut

892 4218 1003 4286 .3*
