2654 4672
403 355 541 436 uusux
560 354 829 421 eudaemus.
871 389 877 397 -
929 348 932 359 ·

238 522 361 578 Graecia
379 521 465 592 ca'pto
483 541 573 576 serum
592 526 721 579 uictorem
741 525 831 594 cepit,
851 534 877 578 et
897 535 987 577 artes.
1008 525 1021 573 ᾗ

239 626 338 678 Intulit
356 627 458 696 agresti
475 625 573 686 Latio.
657 627 661 632 ’
689 662 692 669 .

131 760 160 807 et
178 749 268 824 paulo
288 746 432 805 inferius:

726 849 773 902 sed
791 850 820 901 iu
838 848 951 917 longum
970 856 1061 898 tamen
1080 863 1181 898 aevum
1271 902 1276 911 ,

192 950 379 1019 Momcruut,
399 951 530 1023 hodieque
548 959 662 1004 mouent
680 950 794 1021 vestigia
814 949 897 1006 ruris.
995 954 998 962 “
1102 950 1105 955 “

555 1123 558 1130 .
598 1147 638 1218 s.

52 1358 253 1429 Sabini,
234 1360 285 1437 qni
312 1363 468 1422 meridiem
493 1381 597 1423 versus
615 1362 654 1419 ad
678 1361 794 1420 Latium
818 1359 985 1436 pertinent,
1013 1355 1069 1426 jam
1089 1371 1106 1410 a
1125 1354 1185 1408 Ro·
1247 1424 1249 1432 ,

131 1461 213 1516 mulo
234 1463 346 1520 civitati
366 1465 517 1546 Romanae
537 1463 630 1546 additi
651 1475 727 1520 eunt.
764 1463 799 1516 In
820 1456 938 1518 Sabinis
965 1456 1103 1534 plerique
1126 1455 1184 1509 Ro-

128 1575 284 1616 manorum
302 1563 389 1621 villae
408 1547 565 1629 habebant,
585 1575 617 1620 ut
630 1564 747 1636 Curius,
768 1562 852 1618 Cato.

52 1655 255 1723 Samnites,
274 1662 426 1736 populien
441 1666 574 1732 Somnio,
595 1682 723 1738 quorum
738 1661 797 1717 duo
817 1670 884 1716 sunt
898 1673 1019 1734 genera,
1039 1625 1187 1732 samnites

128 1759 250 1823 Pentri,
271 1769 299 1816 et
318 1759 464 1819 Samnites
484 1765 637 1820 Garatoni.
676 1765 732 1825 Hi,
752 1760 880 1835 quorum
900 1759 1005 1814 civitas
1025 1755 1186 1831 opulentis·

129 1853 203 1910 eime
226 1865 290 1910 eret
315 1866 345 1912 et
368 1858 612 1934 bellicosissima,
635 1865 743 1941 multos
768 1879 861 1917 annos
889 1877 956 1915 cum
988 1857 1102 1932 populo
1129 1854 1187 1909 Ro·

129 1952 317 2009 manabello
343 1972 509 2030 gesserunt.

33 2057 207 2141 Sardes,
230 2072 321 2135 capnt
335 2062 462 2137 Lydiae,
481 2064 536 2126 ubi
555 2044 651 2147 Cyrus
669 2063 769 2120 minor
787 2057 1067 2119 solebet‘hobitare.

54 2157 200 2232 Scipio,
220 2158 283 2216 vid.
306 2161 475 2220 Cornelius.
503 2154 505 2158 ⁸

55 2256 308 2331 Sempronius
327 2262 370 2315 M.
391 2261 603 2318 Tuditanus
629 2279 694 2319 cum
714 2260 749 2323 G.
771 2257 897 2316 Claudio
917 2257 1069 2327 Centone,
1100 2251 1189 2310 Caeci

130 2359 165 2412 F.
184 2360 288 2414 consul
307 2358 367 2417 fuit
385 2378 411 2415 a.
430 2361 467 2420 U.
489 2361 596 2419 DXIII.

56 2455 312 2530 Sempronius
331 2459 363 2517 P.
383 2445 598 2520 Tuditanus
618 2479 682 2518 cum
701 2462 746 2523 M.
766 2459 908 2518 Cornelio
935 2459 1064 2534 Cethego
1084 2448 1193 2514 eonsul'

131 2555 189 2610 fuit
207 2572 235 2616 a.
255 2556 293 2611 U.
314 2557 444 2616 DXLIX.
911 2567 913 2572 ’

58 2653 246 2730 Seriphne
279 2656 376 2712 insula
401 2657 532 2714 inmari
563 2659 696 2736 Aegaeo,
735 2679 794 2718 una
821 2679 856 2716 ex
883 2659 1073 2745 Cycladibus,
1093 2676 1188 2735 eaque

128 2755 289 2829 perexigua
321 2765 410 2830 atque
443 2757 599 2831 ignobilis,
624 2772 656 2816 ut
682 2762 714 2815 in
746 2762 940 2836 proverbium
975 2763 1082 2820 abiret.
1122 2760 1190 2817 cfr.

136 2852 198 2910 cte.
216 2858 285 2910 Nat.
304 2857 396 2914 Deor.
415 2860 439 2914 I.
460 2868 508 2920 51.
531 2867 584 2923 88:
613 2863 691 2936 Quae
714 2873 777 2916 sunt
800 2871 895 2916 tantae
921 2866 1007 2918 auimi
1021 2865 1190 2937 'angustiae,
1221 2907 1223 2920 .

135 2963 178 3021 ut,
194 2956 219 3006 si
240 2955 348 3025 Seriphi
367 2969 447 3011 notus
467 2977 543 3025 esses,
563 2938 745 3036 necunquam
763 2979 882 3035 egressus
902 2979 967 3018 esses
987 2983 1020 3016 ex
1038 2964 1144 3032 insuia,
1161 2964 1192 3019 iu

136 3074 195 3128 qua
213 3055 364 3128 lepusculos
382 3062 595 3133 vulpeculasque
616 3081 697 3135 saepe
721 3067 849 3129 vidisses,
874 3082 930 3145 nors
956 3065 1077 3121 crederes
1100 3071 1190 3123 teones

130 3167 160 3211 et
176 3158 327 3228 pantheras
345 3180 408 3227 esse,
428 3181 512 3235 quum
524 3163 581 3231 tibi,
601 3165 799 3235 audiuerant,
819 3138 961 3236 diceretur,
979 3169 1081 3225 sivero
1092 3173 1125 3226 de
1139 3174 1188 3226 eie-

129 3260 239 3336 phanio
271 3262 329 3334 quis
359 3262 468 3330 diceret,
502 3266 585 3318 etiam
613 3265 696 3318 rideri
718 3275 747 3318 te
771 3275 894 3334 putares.
932 3281 963 3327 et
990 3270 1098 3331 Juven.
1124 3273 1187 3340 Sat.

129 3366 169 3422 Χ.
191 3365 302 3432 1682'

179 3578 182 3585 ,
265 3494 382 3584 Aestuat
401 3497 498 3567 infelix
519 3511 636 3572 angusto
655 3500 742 3572 limite
760 3501 877 3572 muudi,
933 3525 936 3531 ·
990 3508 993 3513 ’

269 3595 308 3650 Ut
329 3595 447 3691 (hydrae
464 3594 713 3673 clauseramus,
731 3623 877 3678 parvaque
893 3590 1018 3677 Seripho.
1032 3588 1037 3617 ⁵

96 3698 98 3703 Ι
129 3717 241 3776 Eodem
261 3715 597 3803 mittebanturliomeni
617 3723 725 3789 exules.
762 3805 765 3811 Ι
1029 3781 1032 3787 .

53 3816 251 3875 Servilius
273 3818 307 3878 G.
328 3818 457 3889 Ahala,
475 3823 512 3880 A.
524 3824 558 3884 1..
574 3821 713 3907 Quinctio
732 3829 910 3897 ,Cincinnato
930 3831 1023 3888 dictus
1042 3833 1184 3914 magister

130 3917 277 3991 equitum,
304 3919 356 3995 Sp.
375 3922 516 3980 Maelium
542 3925 579 3983 de
601 3920 701 4002 regno
714 3922 872 4004 agitantem
892 3932 1082 3991 obtruncarit
1098 3950 1127 3996 a.
1139 3934 1183 3994 U.

130 4016 334 4077 CCCXVL'
884 4038 887 4045 '

52 4119 332 4178 Serviliuan.
362 4119 502 4197 Caepio
527 4126 630 4182 consul
656 4124 764 4193 suita.
789 4130 826 4188 U
854 4131 1038 4249 Duxxtuv
1050 4137 1179 4214 eumq

133 4219 247 4319 Marcio
267 4219 422 4298 Philippo
428 4223 536 4284 iterum
555 4224 735 4292 consule.-
