2654 4658
367 345 430 410 tu:
451 337 710 410 ,suanorum
736 335 829 404 car.
849 288 920 410 m.
1018 319 1020 322 ⁴
1167 347 1210 424 ao

80 536 117 585 et
145 539 233 582 arosa
276 514 346 578 Nec
391 507 541 596 sepulcra
573 505 693 590 legens
718 522 873 580 teneor,
897 499 986 588 quod
1020 504 1124 584 aiunt,
1143 549 1146 554 -
1166 527 1211 573 ne

77 626 273 691 memoriam
284 617 446 706 perdam:
474 615 526 679 his
549 615 635 685 enim
656 611 738 697 ipsis
765 609 915 696 legendis
942 609 1045 676 redeo
1077 614 1112 677 in
1137 634 1211 680 ma.

79 735 218 798 moriam
239 742 450 792 mortuorum.
486 727 556 787 Nec
569 739 861 814 roro-quemquam
877 739 991 782 senum
1005 718 1114 784 audivi
1128 719 1211 783 obli·
1235 776 1245 783 ..

79 857 166 914 tum,
199 857 263 924 quo
281 812 368 899 'loco
396 826 785 913 thesaurumobruissc‘t'.
829 825 956 908 Omnia,
982 845 1066 911 quae
1087 840 1210 903 curant,

79 945 312 1011 meminerunts
334 937 517 1018 ,vadimonia
538 937 727 1016 constituta3
758 931 814 1021 qui
837 933 910 1010 sibi,
931 932 1048 1024 quibus
1068 932 1134 1020 ipsi
1156 934 1214 1000 de.

80 1056 192 1120 beant.
234 1049 323 1148 Quid
343 1045 590 1118 iurisconsulti?
622 1043 702 1129 quid
721 1041 916 1133 pontifices?
948 1041 1026 1128 quid
1046 1044 1255 1131 augureslw

88 1160 164 1247 quid
184 1155 372 1242 philosophi
395 1155 512 1219 senes?
536 1171 631 1238 quam
646 1151 747 1215 multa
760 1148 994 1214 meminerunt!
1016 1156 1148 1220 Manent
1165 1156 1228 1221 in..

84 1243 180 1355 genia
200 1267 342 1342 senibus,
363 1265 461 1328 modo
482 1257 833 1346 permaneat'studium
852 1257 1071 1324 etinduatria:
1093 1281 1155 1326 nec
1176 1284 1215 1327 ea
1248 1298 1250 1303 ·

82 1377 187 1438 solum
208 1375 244 1436 in
265 1372 363 1436 claris
386 1387 420 1434 et
439 1365 720 1453 honoratisviris,
743 1364 859 1430 sedin
876 1367 944 1432 sita
967 1365 1064 1430 etiam
1089 1369 1216 1453 privata

83 1499 119 1547 et
154 1482 276 1567 quieta.
318 1479 500 1562 Sophocles
531 1475 573 1538 ad
604 1495 757 1539 summam
794 1490 994 1538 senectutem
1028 1476 1216 1564 tragoedias

84 1591 185 1654 fecit:
215 1584 303 1676 quod
330 1601 468 1669 propter
488 1585 628 1648 studium
649 1605 723 1647 eum
743 1602 815 1659 rem
834 1581 1026 1648 familiarem
1043 1584 1216 1672 negligere

84 1700 267 1772 videretur,
289 1693 397 1758 afiliis
419 1692 454 1756 in
475 1692 631 1756 iudicium
648 1708 782 1757 vocatus
801 1708 861 1769 est,
878 1706 924 1771 ut,
943 1693 1217 1778 ¹quemadmodum

87 1819 201 1870 nostro
222 1823 314 1867 more
340 1782 428 1868 malo
445 1821 516 1864 rem
545 1800 736 1885 gerentibus
767 1798 913 1886 patribus
940 1800 1040 1867 bonis
1064 1802 1218 1870 interdici

86 1910 189 1984 solet,
212 1913 260 1974 sic
282 1909 402 1984 illum,-
420 1910 511 1995 quasi
533 1908 772 1992 desipientem,
789 1931 808 1972 a
827 1928 865 1973 re
888 1910 1041 1974 familiari
1066 1931 1219 1977 remove-

86 2033 162 2081 rent
182 2016 318 2081 iudices.
362 2021 445 2080 Tum
467 2038 566 2079 senex
586 2017 709 2111 dicitur
732 2016 969 2096 eam'fabulam,
993 2041 1088 2106 quam
1106 2020 1143 2084 in
1154 2041 1220 2084 ma·

86 2126 184 2188 nibus
204 2122 360 2201 habebat,
394 2139 427 2190 et
449 2123 598 2210 proxime
627 2124 817 2210 scripserat,
849 2125 1013 2210 Oedipum
1040 2127 1221 2193 Gelonem
1237 2128 1256 2175 ἵ
1313 2160 1320 2171 ³

87 2232 246 2295 recitasse
278 2231 455 2322 iudicibus,
486 2215 733 2318 quaesisseque,
769 2255 846 2296 num
873 2235 956 2319 illud
976 2253 1109 2301 carmen
1130 2233 1219 2299 desi·

88 2340 213 2426 pientia
233 2339 411 2403 videretur.
454 2339 529 2437 Quo
551 2340 696 2418 recitato,
719 2343 891 2407 sententiis
910 2340 1054 2413 iudicum
1076 2344 1223 2411 estlibe-

91 2463 191 2511 ratus.
233 2449 317 2510 Num
351 2447 454 2534 igitur
479 2451 583 2528 hunc,
613 2472 690 2514 num
710 2453 906 2558 Homerum,
931 2474 1009 2517 num
1028 2454 1260 2534 Hesiodum&

130 2656 257 2724 sepulcra
277 2653 349 2728 leg.]
375 2653 451 2739 ¹¹⁴⁰.
470 2655 641 2745 inscriptio·
679 2659 788 2733 ingenio
802 2664 876 2735 sora
885 2664 1013 2734 putavit,
1034 2663 1077 2716 cui
1096 2675 1159 2735 post
1176 2681 1222 2719 eos

76 2771 147 2812 ¹nm
168 2753 410 2836 sepulcrorum,
418 2760 494 2831 qnae
520 2756 641 2832 quidem
679 2767 799 2818 mutulos
826 2766 935 2821 Sullam
952 2764 1115 2823 dictatorem
1133 2761 1223 2837 scisse

94 2857 169 2912 Cato
196 2853 234 2909 ad
246 2852 459 2930 conficiendos
478 2855 687 2929 Originnm'
678 2883 707 2917 m
725 2874 839 2920 mentem
856 2859 949 2920 venie
965 2883 1022 2923 non
1038 2865 1132 2936 possit.

92 2955 191 3010 libros
202 2953 385 3008 conferebat
424 2952 535 3026 Vulgo
540 2966 638 3010 autem
677 2983 771 3021 ram
788 2967 903 3038 gerent]
922 2963 985 3020 vid.
1003 2965 1137 3038 supral
1158 2977 1208 3027 1.

95 3051 272 3126 putabatur,
287 3049 407 3105 officere
421 3055 590 3125 memoriae,
613 3055 638 3111 si
714 3069 796 3135 quasi
820 3064 1010 3137 desipientem]
1036 3066 1118 3139 quusi
1145 3065 1176 3123 t.
1201 3061 1224 3122 l.

95 3150 164 3225 quis
183 3149 296 3220 legaret
319 3146 526 3222 inscriptiones
544 3156 641 3229 sepul·

677 3191 711 3237 ut
731 3200 865 3258 graecum
888 3171 948 3250 (dt,
975 3180 1013 3239 ad
1033 3182 1225 3260 participium

95 3266 230 3307 crorum.

680 3272 815 3361 additur,
835 3275 904 3349 qula
922 3295 982 3332 non
1003 3293 1038 3331 ex
1057 3293 1108 3332 sua
1126 3287 1224 3334 manta

136 3367 206 3423 ‘1¹²⁰‘
234 3345 352 3420 mni]
383 3345 414 3409 ¹¹·
430 3357 468 3407 θ·
494 3367 570 3426 ‘1³⁸0
599 3372 643 3412 ⁰¹⁸
679 3372 822 3429 hoedieit
845 3377 984 3450 scriptor,
1007 3375 1059 3431 sed
1079 3377 1222 3436 filiorum.

97 3450 185 3507 ⁰⁰fd¹
205 3459 281 3509 ml·
416 3475 420 3481 ’
716 3473 746 3524 in
771 3475 897 3528 manibus
921 3474 1052 3576 hodedct]
1079 3473 1140 3531 vid.
1159 3475 1221 3546 ΧΙ,

138 3553 301 3606 vadimonia
320 3545 417 3618 coma]
437 3549 510 3606 Nam
526 3551 578 3625 qui
595 3550 643 3606 die
682 3579 728 3633 33

100 3649 288 3706 constituto
281 3669 311 3705 m
326 3645 438 3721 judicio
453 3666 514 3703 non
529 3650 644 3721 aderat,
719 3672 743 3744 §.

770 3682 815 3735 25.
850 3691 916 3729 num
936 3674 1022 3748 igitur
1039 3675 1126 3740 irunt,
1153 3691 1225 3727 mum

97 3750 184 3806 litem
204 3748 356 3823 perdebat.

681 3773 767 3826 Hom.
780 3773 848 3842 etc]
860 3767 864 3771 ’
874 3774 1102 3848 interrogationi
1123 3775 1160 3830 ad
1174 3792 1225 3830 na-

139 3874 167 3944 §.
192 3885 240 3933 22.
267 3874 394 3946 ingenio]
420 3873 525 3929 mentis
545 3873 642 3944 vires3
683 3871 829 3946 gatianum
844 3872 995 3930 inclinanti
1009 3875 1225 3949 Interrogativa

100 3991 279 4051 quamquam
307 3975 394 4030 etiam
420 3992 476 4050 pro
504 3973 646 4030 memoria
682 3991 759 4039 num,
777 3989 878 4048 numne
895 3973 1136 4046 praemittuntur.
1167 3973 1226 4030 cfr.

98 4086 262 4148 usurpatur
285 4075 442 4146 ingenium,
482 4085 530 4130 ut:
566 4075 647 4130 Rull.
683 4074 798 4147 Zumpt.
824 4089 945 4146 gramm.
973 4091 1000 4135 o.
1029 4071 1075 4168 67.
1107 4073 1130 4146 5.
1159 4071 1224 4179 561

102 4171 153 4229 ΙΙΙ.
173 4182 216 4249 2.
242 4175 330 4250 Quem
349 4186 468 4228 vestrum
487 4184 545 4228 tem
564 4176 647 4234 turdo
682 4173 812 4232 adnotat.
899 4190 910 4219 ⁸

975 4275 1016 4346 2*

456 4402 468 4429 N
